1930 3224
282 217 367 258 202
682 232 784 262 VEN.
821 232 1011 261 suniam]
1046 233 1152 262 v1TAE
1183 233 1303 262 LIBER
1337 234 1380 261 111

280 329 454 385 placere
477 330 629 386 gestit,
658 331 751 372 Deo
770 331 892 387 justo
914 330 1082 387 judice,
1106 331 1161 373 ab
1187 331 1285 388 ipso
1314 331 1610 388 potissimum,
1637 336 1682 375 et
1707 331 1763 376 ab

281 397 487 439 omnibus
512 397 730 439 laceratur
749 398 777 440 ¹.

338 473 530 516 Thomas
547 475 695 531 itaque
712 483 729 501 ἃ
754 475 866 516 turri
886 474 1125 518 subvenire
1146 491 1234 517 non
1250 477 1410 533 potuit,
1430 476 1543 519 intra
1566 481 1764 535 quamvet

279 541 417 582 filiam
440 546 484 583 et
510 542 702 584 militum
724 558 906 583 suorum
933 542 1162 600 probiores
1189 544 1434 588 dimiserat.
1466 545 1583 587 Mala
1612 549 1761 588 autem

277 608 441 666 ubique
464 614 585 652 tanta
609 615 773 666 egerat,
794 615 844 652 ut
863 610 1183 668 archiepiscopi
1198 617 1242 654 et
1266 612 1494 669 praesules,
1517 628 1596 670 pro
1620 613 1762 655 eccle-
1805 604 1809 608 ⁵

238 722 242 733 1
278 676 356 717 siis
386 677 659 733 querimonia
690 678 791 719 data
819 678 874 720 ad
907 693 1072 735 regem,
1109 679 1321 731 dicerent,
1361 695 1407 722 se
1437 680 1481 722 in
1502 684 1638 737 regno
1665 680 1761 737 ejus

279 743 361 784 Dei
386 736 529 786 officia
555 760 643 785 non
664 745 874 797 facturos,
911 745 998 787 nisi
1018 746 1332 789 ulscisceretur
1354 748 1398 789 in
1433 747 1560 789 illum
1583 748 1613 791 ‘2-
1643 748 1760 790 Nam

275 826 323 852 ea
343 810 364 837 ¹²
387 816 669 868 tempestate,
697 829 783 870 qua
807 813 989 870 pestifer
1020 814 1095 855 ille
1125 819 1279 857 contra
1305 815 1622 872 Ingelrannum
1656 815 1758 858 bur—

276 879 489 935 gensibus
516 880 816 935 adnitebatur,
855 882 1098 934 Galterius,
1147 883 1200 924 de
1242 898 1330 940 quo
1369 899 1501 940 supra
1536 884 1756 940 egimus3,

277 947 353 1003 qui
373 962 475 989 cum
499 948 721 1002 Guidone,
741 950 1109 991 coarchidiacono
1125 966 1221 1003 suo,
1243 952 1366 993 solus
1384 952 1437 993 de
1459 951 1761 1009 proditoriBus

275 1015 460 1056 Gerardi
492 1016 731 1069 resederat,
777 1017 832 1058 ad
863 1017 987 1059 illam
1015 1017 1175 1060 bonam
1212 1019 1469 1075 Ingelranni
1495 1019 1756 1074 lateralem,

274 1098 416 1135 suam,
435 1083 641 1126 videlicet
659 1085 896 1137 uterinam,
915 1101 1126 1138 sororem,
1146 1087 1265 1144 quod
1279 1087 1577 1129 adulterinum
1590 1102 1760 1129 connu-

272 1150 396 1192 bium
423 1151 518 1207 ipse
549 1152 803 1205 miscuerat,
830 1153 946 1195 circa
979 1154 1172 1196 mediam
1206 1154 1340 1196 ferme
1367 1155 1755 1212 quadragesimam

271 1217 503 1260 locuturus
554 1226 823 1276 perrexerat.
871 1220 1000 1272 Quod
1056 1237 1158 1264 cum
1198 1223 1391 1281 Thomas
1450 1223 1754 1273 addidicisset,

272 1286 409 1327 missa
465 1287 688 1344 legatione
754 1289 986 1342 citissima,
1057 1290 1247 1347 imperat
1306 1291 1501 1333 Roberto
1560 1290 1753 1345 cuidam,

272 1354 472 1396 omnium
494 1355 812 1397 scelestissimo
837 1357 965 1414 (tales
992 1358 1111 1399 enim
1131 1363 1252 1400 amat
1272 1358 1500 1417 famulos),
1531 1363 1582 1400 ut
1605 1359 1758 1416 Galte-

272 1422 387 1463 rium
408 1422 463 1463 ab
486 1423 782 1466 Ambianensi
798 1425 1057 1467 redeuntem
1078 1425 1334 1479 observent,
1354 1431 1397 1468 et
1412 1431 1521 1484 quot
1536 1434 1552 1453 ⁶
1566 1431 1756 1484 possunt

268 1489 543 1534 interimant.
581 1490 689 1542 Quae
720 1492 794 1534 ille
822 1508 912 1534 non
939 1494 1049 1535 alias
1084 1510 1218 1552 quarn
1243 1494 1298 1535 ab
1334 1495 1431 1552 ipso
1468 1494 1755 1537 Laudunensi

270 1559 576 1615 promontorio
600 1566 909 1617 prospectans,
927 1577 1006 1618 per
1027 1562 1171 1619 ipsam
1193 1562 1275 1603 viae
1299 1563 1642 1616 concavitatem,
1666 1578 1754 1621 qua

268 1626 322 1667 de
353 1631 502 1667 monte
539 1627 841 1681 descenditur,
885 1629 930 1669 in
967 1645 1200 1671 occursum
1238 1629 1303 1671 illi
1345 1645 1446 1671 cum
1485 1630 1580 1672 suis
1609 1630 1747 1673 venit.

210 1712 212 1715 ¹
267 1693 493 1736 Galterius
526 1700 691 1748 autem,
718 1697 946 1753 praemisso
979 1698 1209 1750 comitatu,
1240 1697 1335 1754 jam
1367 1698 1412 1739 in
1445 1698 1600 1740 urbem
1630 1698 1750 1740 mulo

199 1793 204 1800 .
266 1761 427 1803 sedens
454 1763 746 1820 sequebatur;
787 1765 849 1806 sic
882 1765 1021 1821 igitur
1053 1766 1294 1808 solitudine
1320 1771 1556 1823 aucupata,
1589 1766 1752 1823 gladiis

265 1845 368 1871 eum
414 1831 722 1874 crudelissime
756 1833 1061 1876 conciderunt.
1105 1833 1203 1884 Quo
1237 1834 1401 1888 occiso,
1442 1834 1499 1876 ad
1533 1834 1751 1876 Thomam

267 1913 367 1939 cum
394 1899 516 1940 mulo
540 1899 704 1942 hilares
728 1906 1011 1944 revertuntur
1032 1901 1061 1945 4.

325 1966 390 2007 De
412 1966 482 2008 his
510 1982 614 2024 ergo
636 1983 686 2009 ac
711 1968 932 2011 similibus
959 1985 1061 2011 cum
1085 1970 1292 2011 maximis
1307 1970 1597 2012 ecclesiarum
1623 1969 1751 2011 dolo-

263 2033 385 2075 ribus
400 2035 518 2091 apud
543 2035 687 2092 regias
705 2051 807 2078 cum
831 2037 1154 2094 impetereturd
1176 2053 1321 2088 aures,
1351 2038 1395 2079 in
1418 2037 1623 2095 sequenti
1642 2037 1751 2079 anni

301 2163 468 2236 aiiqissir
486 2164 529 2195 D.
545 2164 630 2195 —b.
651 2165 714 2196 illa
739 2166 806 2197 Du.
838 2185 872 2189 —
892 2177 921 2198 c.
948 2167 1047 2198 Corr.
1075 2168 1119 2198 de
1138 2168 1180 2199 D.
1205 2167 1304 2209 quod
1332 2167 1368 2198 B.
1390 2168 1460 2199 Du.
1478 2186 1519 2190 —
1535 2167 1569 2199 d.
1599 2167 1748 2208 impete-

262 2214 325 2236 ren
347 2215 391 2236 ur
445 2230 451 2236 .

300 2374 328 2402 1.
354 2371 402 2402 La
423 2373 592 2404 conduite
610 2373 653 2403 de
670 2374 764 2405 saint
776 2375 933 2406 Geoffroi
946 2376 1110 2406 vis-a-vis
1125 2376 1167 2406 de
1183 2376 1377 2413 Vermond,
1390 2375 1533 2406 vidame
1548 2375 1591 2406 de
1606 2374 1746 2416 Picqui-

258 2422 330 2452 gny
345 2412 391 2452 (v.
414 2423 447 2453 p.
467 2417 538 2453 198,
561 2423 595 2445 n.
612 2416 654 2454 2),
671 2415 808 2447 illustre
835 2418 930 2447 cette
948 2417 1196 2457 psychologie.

300 2457 329 2485 2.
355 2454 406 2484 En
428 2455 637 2495 particulier
660 2467 703 2487 au
728 2458 865 2489 concile
889 2458 931 2488 de
958 2458 1145 2497 Beauvais,
1174 2459 1217 2489 de
1246 2459 1323 2488 1114
1346 2457 1490 2498 (Labbe,
1513 2457 1634 2496 Cone„
1658 2459 1683 2489 t.
1699 2458 1743 2495 X,

258 2505 292 2535 p.
310 2497 395 2567 7983.

299 2539 329 2567 3.
385 2537 407 2567 f.
432 2537 538 2576 1.111,
555 2548 585 2569 c.
602 2548 637 2568 vi
659 2541 695 2569 ct
713 2549 774 2570 vii.

297 2579 324 2608 4.
362 2578 630 2620 Duchesne‚0p.
644 2579 718 2618 cit„
734 2584 933 2620 p.201-202;
955 2582 1074 2619 Jovet,
1088 2591 1143 2622 op.
1160 2581 1277 2622 cit.,p.
1301 2584 1357 2619 163
1372 2581 1572 2619 Lalouette,
1585 2590 1641 2622 op.
1665 2580 1741 2620 cit„

257 2618 286 2648 f⁰
304 2622 363 2649 109
379 2625 428 2658 v0,
451 2620 653 2652 admettent
673 2631 740 2661 que
760 2621 982 2653 l'assassinat
999 2623 1042 2653 de
1064 2622 1215 2654 Gautier
1231 2625 1292 2654 eut
1313 2623 1383 2653 lieu
1406 2623 1565 2668 ppndaut
1588 2624 1621 2653 le
1646 2622 1742 2661 siege

256 2659 453 2691 d'Amiens.
472 2661 527 2691 Du
541 2662 676 2693 Plessis
688 2662 895 2702 observant,
912 2674 998 2695 avec
1014 2665 1146 2703 raison,
1159 2674 1228 2704 quc
1244 2664 1397 2695 Guibert
1410 2666 1466 2695 est
1478 2664 1551 2694 loin
1563 2663 1605 2694 de
1622 2664 1741 2694 suivre

256 2700 384 2731 l‘ordre
403 2702 682 2744 chronologique
701 2706 816 2742 exact,
841 2714 950 2744 pense
971 2705 1058 2745 qu'il
1084 2708 1144 2736 eut
1165 2706 1237 2736 lieu
1261 2707 1368 2736 avant
1389 2706 1421 2736 le
1446 2705 1542 2745 siege
1567 2705 1635 2746 (op.
1664 2703 1740 2739 cit..

257 2752 290 2772 n.
312 2743 440 2780 XXIV,
463 2754 496 2783 p.
519 2746 640 2785 48-49).
662 2746 705 2776 V.
726 2746 758 2776 la
776 2755 810 2777 n.
828 2749 856 2783 6,
879 2757 913 2786 p.
937 2750 1007 2778 203.
