1930 3224
580 239 678 269 VEN.
714 239 911 268 GUIBERTI
946 240 1051 268 VlTAE
1083 239 1204 268 LIBER
1240 240 1287 267 111
1579 224 1657 267 191

697 427 916 486 [CAPUT
963 428 1089 486 xm]
1106 436 1125 455 a

213 577 386 621 Exinde
405 578 731 621 transmarinas
752 578 937 636 petituri
964 582 1131 636 partes,
1163 593 1267 620 cum
1295 593 1341 620 se
1375 577 1481 620 huic
1518 577 1661 620 medi-

151 649 359 690 terraneo
385 662 552 689 oceano
590 647 908 700 contulissent,
957 647 1198 704 opulentos
1234 646 1456 704 quosdam
1493 658 1662 688 mercass

149 718 273 758 tores
298 715 383 757 sub
405 715 564 757 eadem
580 714 740 758 classis
767 715 1000 758 evectione
1028 715 1263 768 habentes,
1295 715 1492 757 secundo
1514 730 1660 773 quan-

149 786 248 826 tum
276 783 333 826 ad
369 783 551 826 flamina
585 799 764 841 aequore
798 783 1099 827 ferebantur1.
1135 784 1193 826 Et
1234 799 1336 826 ecce
1373 783 1659 836 immanium,

149 867 264 910 quos
318 852 512 894 multum
567 852 854 906 verebantur,
915 852 1163 910 piratarum
1219 852 1504 909 conspiciunt
1574 852 1661 894 sibi

149 920 359 978 ingruere
379 935 435 963 ex
455 920 645 963 adverso
667 921 902 964 salandras
916 922 948 964 2.
977 921 1184 979 Cumque
1221 921 1356 963 remis
1387 920 1534 963 undas
1564 936 1662 963 ver-

105 979 108 982 ’
147 987 352 1032 rentibus
377 989 444 1032 illi
464 989 792 1047 adnavigantes
827 990 1047 1032 fluctuum
1079 990 1288 1032 cumulos
1323 1004 1455 1048 prora
1486 989 1662 1031 divide-

147 1062 264 1113 rent,
320 1058 486 1116 vixque
530 1058 663 1101 stadii
709 1059 954 1102 interstitio
1002 1074 1027 1100 a
1066 1059 1234 1101 nostris
1280 1058 1570 1111 absisterent,
1616 1062 1661 1100 et

147 1140 377 1169 sacrorum
395 1126 637 1184 portitores
661 1142 764 1169 cum
779 1126 996 1185 epibatisl’
1009 1129 1025 1155 3
1040 1126 1171 1169 valde
1187 1131 1456 1180 metuerent,
1476 1142 1661 1169 consur-

147 1194 216 1251 git
239 1194 287 1237 in
314 1195 667 1253 medio'quidam
695 1200 875 1238 nostras
899 1195 1150 1254 presbyter,
1181 1201 1226 1238 et
1261 1196 1436 1238 elevato
1470 1195 1660 1254 phylac-

148 1262 278 1310 terio.
308 1263 353 1306 in
379 1279 468 1323 quo
489 1264 682 1321 reginae⁰
702 1264 921 1307 coelorum
944 1264 1131 1322 pignera
1156 1264 1441 1318 tenebantur,
1477 1280 1532 1307 ex
1558 1264 1661 1306 Filii

151 1336 196 1375 et
221 1331 381 1375 Matris
405 1333 588 1375 nomine
614 1333 680 1375 eis
710 1333 944 1375 interdixit
982 1333 1246 1376 adventum.
1287 1332 1382 1375 Nec
1420 1349 1543 1375 mora
1574 1349 1655 1391 pro

150 1400 341 1458 imperio
363 1401 423 1444 ad
439 1401 629 1460 puppim
656 1402 826 1444 rediere
864 1406 999 1455 rates,
1030 1417 1112 1445 nec
1149 1401 1311 1444 minori
1361 1406 1468 1444 sunt
1507 1402 1660 1444 celeri-

148 1462 242 1512 tate
257 1468 332 1513 d...
363 1485 500 1528 quam
528 1470 776 1513 accelerare
806 1471 1070 1528 gestierant.
1104 1472 1220 1514 Hinc
1256 1471 1356 1513 laus
1395 1470 1515 1528 apud
1546 1469 1659 1513 libe-

151 1542 290 1592 ratos,
307 1538 412 1581 hinc
437 1538 605 1598 gloria:
633 1544 906 1582 mercatores
927 1539 1055 1582 bonae
1075 1541 1142 1582 illi
1157 1539 1311 1583 Mariae
1338 1538 1661 1596 gratulabundi

151 1607 294 1650 multa
312 1606 398 1650 sibi
418 1607 622 1651 obtulere
644 1608 786 1666 pretia
812 1607 828 1636 4
846 1643 854 1651 .

207 1675 352 1734 Igitur
382 1679 596 1734 prospere
626 1677 802 1719 devecti
833 1677 889 1719 ad
915 1677 1110 1734 Anglos‚
1140 1676 1335 1719 eumad
1367 1676 1657 1718 Wintonien-

147 1758 244 1786 sem
263 1745 279 1773 5
302 1744 538 1788 venissent
562 1745 738 1799 urbem,
765 1746 959 1803 plurima
986 1746 1097 1788 inibi
1125 1746 1342 1788 miracula
1377 1734 1651 1788 claruerunt.

145 1812 285 1871 Apud
337 1812 663 1857 Essecestriam
686 1815 702 1843 6
738 1829 916 1872 quoque
967 1830 1058 1856 non
1104 1814 1302 1872 disparia
1347 1815 1654 1871 contigerunt,

189 1936 221 1959 a.
243 1926 329 1967 Cap.
349 1926 433 1958 XXI
451 1927 495 1958 D.
514 1945 556 1950 -
572 1927 608 1959 b.
626 1937 644 1958 e
660 1924 793 1968 pir-alis
813 1927 856 1959 D.
885 1946 920 1950 --
940 1921 969 1960 ε’.
991 1927 1092 1960 Corr.
1112 1928 1157 1958 de
1181 1928 1208 1958 B
1226 1927 1278 1969 (et
1294 1927 1354 1968 D).
1384 1927 1481 1970 regis
1498 1927 1541 1959 X.
1558 1945 1598 1950 -—
1620 1927 1655 1958 cl.

150 1967 305 2000 Lacune.
329 1969 360 2000 D
381 1979 536 2010 propose
555 1969 700 2011 expulsi
721 1971 821 2001 sunt.

191 2103 220 2132 1.
246 2100 316 2132 Sur
348 2101 381 2132 le
410 2101 541 2141 depart
567 2102 630 2132 des
661 2101 818 2142 reliques
858 2111 902 2133 en
937 2101 1167 2142 Angleterre,
1199 2101 1245 2133 cf.
1280 2102 1452 2139 Herman,
1489 2101 1556 2133 loc.
1580 2101 1655 2140 cit„

149 2142 172 2174 1.
194 2142 238 2181 11,
257 2153 289 2174 c.
309 2153 332 2175 1.
348 2142 499 2184 D'apres
519 2143 676 2174 Hei-man
697 2143 754 2184 (cf.
768 2154 801 2184 p.
823 2146 889 2182 186,
904 2153 938 2175 n.
958 2144 1002 2182 2),
1022 2143 1073 2174 les
1089 2143 1244 2184 reliques
1261 2144 1362 2174 n'ont
1376 2143 1443 2175 fait
1469 2153 1538 2184 que
1565 2144 1675 2174 deux‘

149 2194 320 2225 voyages.
338 2185 475 2216 Faut—il
502 2185 722 2226 interpreter
746 2185 981 2226 l'expvossion
996 2185 1040 2216 de
1061 2185 1228 2221 Guibert,
1248 2196 1292 2217 au
1311 2185 1426 2217 debut
1444 2185 1490 2216 du
1514 2185 1659 2216 dernier

148 2226 371 2268 paragraphe
388 2227 435 2258 du
459 2227 623 2268 chapitre
647 2226 855 2268 precedent,
883 2226 920 2258 in
945 2226 1052 2258 tertia
1070 2226 1314 2268 profectione,
1340 2228 1429 2258 dans
1453 2227 1485 2257 le
1513 2237 1596 2258 sens
1614 2227 1658 2257 de

146 2267 276 2309 depart
293 2278 339 2299 ou
354 2269 445 2300 dans
466 2268 499 2299 le
517 2278 600 2300 sens
617 2269 759 2309 d'etape
773 2271 788 2300 3⁷
806 2268 901 2300 C'est
921 2278 961 2299 ce
985 2268 1071 2309 qu'il
1089 2271 1145 2300 est
1167 2269 1314 2300 difficile
1335 2269 1378 2300 de
1400 2269 1490 2300 dire.

187 2313 218 2342 2.
241 2310 454 2341 :Bateaux
469 2310 660 2351 legersCf.
679 2310 712 2341 la
733 2311 988 2341 continuatim]
1007 2311 1050 2341 de
1067 2311 1272 2341 Guillaume
1287 2311 1331 2342 de
1348 2311 1433 2352 Tyr,
1454 2311 1543 2341 dans
1563 2310 1658 2341 Mar-

148 2351 243 2390 tkne,
267 2351 387 2392 Ampl.
406 2351 510 2387 Con..
530 2354 556 2383 t.
578 2352 620 2391 V,
638 2362 672 2392 p.
690 2355 761 2383 705.

187 2396 218 2425 3.
250 2393 298 2424 Ce
312 2396 390 2425 mot
407 2393 580 2434 d‘origine
593 2404 747 2434 grecque
762 2393 911 2433 designe
926 2393 990 2425 des
1006 2394 1146 2425 soldats
1158 2395 1203 2425 de
1219 2394 1369 2425 marine.
1384 2394 1458 2425 Peu
1474 2393 1656 2434 employc,

147 2434 316 2476 Dachery
334 2435 389 2466 n'a
407 2445 472 2476 pas
484 2446 533 2467 -su
549 2436 580 2466 le
599 2435 676 2469 lire.
695 2435 779 2467 d'ou
798 2445 836 2466 sa
851 2435 955 2473 lecon
980 2435 1152 2477 epiratt's.

189 2477 219 2508 4.
245 2476 299 2508 Cr.
320 2476 492 2516 Herman,
517 2477 582 2509 loc.
600 2476 680 2517 “cit.,
699 2477 722 2508 1.
747 2477 790 2516 ΙΙ,
810 2487 840 2508 c.
868 2487 915 2508 ιν.

188 2521 218 2548 5.
244 2518 493 2557 Winchester,
518 2519 614 2550 ch.-l.
641 2519 688 2550 du
713 2518 833 2550 comt(-
857 2519 901 2550 de
925 2519 1152 2560 Hampshire.
1178 2519 1248 2550 Sur
1271 2519 1321 2550 lcs
1344 2519 1508 2550 miracles
1527 2517 1655 2558 operes

147 2559 168 2591 εὶ
191 2558 437 2598 Winehcster,
459 2561 504 2592 cf.
537 2561 707 2600 Hei-man,
729 2560 795 2592 loc.
818 2560 893 2599 cit.,
912 2560 934 2591 l.
962 2560 1005 2599 11,
1031 2571 1061 2592 c.
1082 2571 1144 2600 vn,
1167 2561 1234 2592 col.
1264 2564 1413 2591 978-979.
1441 2560 1595 2592 Guihert
1613 2570 1657 2590 ne

148 2601 247 2643 parle
264 2611 328 2642 pas
340 2601 405 2633 des
422 2602 587 2634 miracles
602 2603 664 2644 qui
682 2605 746 2634 ont
764 2612 806 2634 eu
825 2602 895 2633 lieu
911 2602 930 2633 a
948 2602 1126 2641 DouvreS,
1141 2602 1380 2644 Cantorbcry,
1398 2602 1656 2634 Christchurch

162 2653 192 2675 c.
209 2654 243 2682 v,
263 2653 310 2682 vi,
332 2654 353 2674 x
374 2646 410 2675 et
427 2645 486 2685 xi).

149 2645 158 2684 (
190 2688 220 2716 6.
246 2685 390 2725 Exeter,
421 2686 519 2717 ch.-l.
538 2686 583 2717 du
600 2685 720 2717 comte
741 2686 785 2717 de
811 2686 951 2716 Devon.
972 2685 1024 2718 Cf.
1055 2686 1226 2723 Hermen,
1245 2686 1310 2717 loc.
1337 2685 1411 2724 cit„
1438 2686 1459 2717 l.
1479 2685 1523 2719 11.
1544 2695 1574 2716 c.
1594 2696 1654 2715 xn.

149 2726 309 2758 Herman
331 2730 502 2768 rapporte
528 2738 659 2759 encore
685 2727 842 2759 d’autrcs
863 2727 1029 2758 miracles
1047 2738 1226 2759 survenus
1251 2729 1269 2758 a
1288 2727 1478 2768 Salisbury
1506 2727 1548 2767 (c.
1579 2728 1655 2765 xm)

147 2773 184 2842 “tlt
203 2769 349 2842 881εὲιέ
371 2773 413 2808 (c.
435 2780 494 2800 xiv
509 2771 588 2810 δᾳ),
606 2770 695 2800 mais
711 2779 781 2799 non
794 2769 888 2800 celui
903 2769 965 2809 qui
981 2780 1118 2810 occupe
1143 2770 1176 2801 la
1194 2770 1287 2801 suite
1302 2771 1346 2800 de
1368 2780 1407 2801 cc
1430 2771 1653 2810 paragrapho

177 2820 195 2842 e
232 2810 284 2841 'ui
315 2812 382 2842 ert.
