1930 3224
569 253 668 285 VEN.
704 252 901 282 Gnmssnri
933 252 1041 282 vim
1072 252 1194 281 mmm
1227 252 1240 279 1
1601 237 1656 280 63

155 353 446 400 correctionis
465 353 640 397 amitto.
662 351 841 409 Septies
867 353 999 410 plane
1021 350 1138 394 cadit
1154 350 1325 408 justus,
1346 354 1390 392 et
1410 351 1605 408 resurgit
1624 351 1652 393 ¹.

154 423 204 468 Si
237 421 521 482 septenarius
553 437 634 480 pro
660 420 957 463 universitate
990 435 1206 462 numerus
1239 419 1503 462 solemniter
1530 419 1658 477 poni-

152 495 245 547 tur,
271 490 632 550 quibuscumque
669 489 817 531 modis
853 489 1080 547 peccando
1110 488 1212 546 quis
1246 488 1392 540 cadat,
1432 488 1471 530 si
1508 488 1657 530 inten-

152 560 325 618 tionem
350 558 616 618 resurgendi
635 557 693 601 ad
713 557 943 615 justitiam
965 557 1145 611 habeat,
1175 557 1387 616 quamvis
1420 573 1476 600 ex
1502 572 1657 599 carna-

151 619 282 678 litate
306 627 503 682 labatur,
531 627 570 670 si
590 626 794 670 dolorem
815 631 935 669 recte
950 626 1215 685 poenitentis
1237 625 1465 679 adhibeat,
1484 641 1657 684 nequa-

140 685 292 829 Jg'lam
310 697 426 756 justi
457 696 639 739 nomine
670 711 769 738 sese
796 695 960 754 privat.
996 695 1057 740 Ut
1080 694 1190 754 quid
1210 695 1331 738 enim
1357 695 1580 738 clamatur
1602 695 1659 737 ad

46 768 65 817 ‘,
107 764 113 767 ⁴
175 781 317 834 (lcum,
348 770 400 809 ut
425 765 481 808 de
511 764 682 808 nostris
715 780 798 807 nos
830 763 1179 807 necessitatibus
1210 769 1338 807 eruat
1357 765 1391 818 ἱ),
1431 763 1521 806 nisi
1552 763 1655 822 quia

146 833 324 895 {gutum
358 834 586 893 corruptio
625 833 799 891 peccati
832 833 1017 876 servitio
1057 848 1156 886 nos,
1205 833 1400 876 velimus
1439 832 1654 886 nolimus,

11 902 15 909 '
147 891 494 970 iissldempnatss?
522 921 542 943 «
564 898 724 956 Video,
753 902 832 954 ait,
853 902 1086 960 captivum
1118 917 1190 944 me
1214 902 1454 944 ducentem
1484 901 1531 943 in
1556 901 1656 960 lege

164 971 337 1029 cecati,
371 987 472 1032 quae
504 976 574 1018 est
606 971 654 1013 in
685 970 901 1013 membris
929 970 1072 1024 meis;
1109 986 1200 1013 non
1236 970 1357 1013 enim
1394 970 1515 1029 quod
1550 970 1655 1013 volo

144 1038 336 1100 ‚hm-²¹1¹,
358 1041 446 1084 hoc
473 1055 575 1099 ag0‚
607 1039 687 1083 sed
710 1040 832 1097 quod
858 1039 964 1082 volo
995 1039 1182 1092 malum,
1214 1039 1298 1082 hoc
1322 1039 1435 1082 facio
1460 1040 1490 1082 3.
1532 1058 1551 1079 »
1576 1039 1658 1082 Est

148 1099 300 1163 autem
350 1108 627 1169 profundum
676 1108 960 1168 quorundam
984 1107 1004 1134 ¹³
1050 1108 1288 1161 malorum,
1320 1108 1365 1150 in
1393 1108 1515 1166 quod
1554 1124 1656 1150 cum

147 1177 326 1233 venerit
358 1178 541 1237 impius,
581 1178 834 1221 contemnit
862 1177 894 1232 4,
937 1182 982 1221 et
1012 1182 1165 1220 tamen
1188 1193 1339 1235 >super
1381 1177 1655 1235 quibusdam

149 1241 251 1292 aliis
275 1246 512 1307 profundis
537 1246 762 1289 clamatur
784 1247 842 1290 ad
872 1247 1035 1301 Deum,
1069 1261 1152 1289 nec
1180 1261 1309 1288 suam
1335 1246 1502 1305 petitor
1522 1245 1654 1289 dubi-

150 1321 219 1370 tat
242 1315 448 1359 exaudiri
471 1331 641 1358 vocem.
674 1315 757 1358 Est
787 1315 1013 1374 siquidem
1036 1314 1366 1373 desperationis
1400 1331 1455 1358 ex
1481 1315 1656 1375 peccati

150 1384 385 1428 nimietate
405 1388 710 1442 contemptus,
740 1384 818 1442 qui
842 1400 941 1427 esse
968 1389 1118 1442 potest
1146 1383 1357 1442 profundi
1384 1384 1535 1442 hujus,
1563 1400 1652 1443 quo

150 1469 243 1497 non
262 1459 334 1498 est
358 1453 615 1497 substantia
641 1453 673 1506 5,
707 1453 752 1495 in
794 1469 882 1511 qua
917 1453 1096 1495 miseria
1124 1468 1215 1495 non
1242 1452 1507 1496 subsistitur
1531 1469 1539 1508 ;
1584 1458 1655 1496 est

150 1521 345 1582 denique
367 1521 645 1581 profundum
662 1522 717 1564 de
741 1538 831 1580 quo
857 1521 1110 1564 Hieremias
1136 1521 1484 1580 panniculorum
1512 1522 1655 1565 subli-

147 1591 330 1651 gatione
347 1590 627 1650 protrahitur
640 1592 673 1644 6,
690 1591 812 1650 quod
825 1591 1092 1649 quamvis...
1109 1599 1124 1618 ⁶
1144 1606 1275 1648 porro
1296 1591 1486 1634 fundum
1501 1596 1654 1634 tamen

147 1659 284 1720 habet
306 1673 316 1704 :
335 1659 443 1719 quia
464 1659 692 1718 quamvis,
719 1659 983 1718 ingentibus
1005 1660 1065 1702 sit
1081 1655 1207 1702 mens
1230 1660 1417 1702 dimissa
1434 1659 1648 1718 peccatis,

16 1723 33 1741 ⁵
87 1780 90 1782 v
145 1728 284 1773 habet
302 1733 456 1772 tamen
475 1728 763 1787 talecumque
794 1728 1082 1778 obstaculum
1106 1729 1310 1782 rationis,
1341 1734 1392 1771 ut
1419 1745 1518 1771 non⁴
1543 1728 1655 1771 fera—

146 1800 220 1841 tur
231 1813 313 1857 per
337 1796 652 1841 interminatas
670 1797 909 1855 voragines
937 1797 1033 1839 sine
1054 1797 1145 1840 ulla
1170 1797 1495 1856 recogitatione
1514 1797 1654 1840 totius

145 1865 418 1927 iniquitatis.
511 1873 516 1877 “

186 2006 220 2030 a.
243 1996 438 2030 addemnat
456 1996 501 2029 D.
517 2015 559 2020 —
572 1996 608 2030 b.
626 1997 873 2039 quorumdam
887 1996 932 2029 D.
947 2016 989 2021 -
1002 2008 1032 2030 c.
1053 1997 1208 2030 Lacune.

189 2177 220 2207 1.
245 2172 365 2207 Liber.
389 2172 509 2214 Prov„
526 2174 658 2214 XXIV,
676 2177 715 2205 16
732 2184 739 2206 :
757 2187 772 2202 «
792 2174 933 2215 Septies
950 2175 1046 2206 enim
1064 2175 1316 2216 cadatjustus,
1332 2177 1370 2207 ct
1386 2179 1570 2217 resurget:
1590 2177 1654 2208 im-

147 2213 198 2258 pii
217 2216 339 2249 autem
353 2217 525 2248 corruent
541 2216 577 2248 in
595 2215 740 2248 malum.
761 2229 776 2244 »

188 2260 220 2289 2.
245 2256 355 2289 Liber
376 2257 524 2295 Psalm„
549 2258 682 2298 XXIV,
708 2261 771 2290 17:
801 2271 815 2286 «
847 2258 1117 2290 'tribulationes
1145 2259 1264 2291 cordis
1291 2259 1362 2291 mei
1392 2260 1653 2301 multiplicatae

147 2301 236 2337 sunt
246 2299 322 2331 :·de
346 2299 624 2332 necessitatibus
641 2300 731 2331 meis
746 2309 830 2331 erue
846 2309 914 2331 me.
936 2313 951 2328 »ι

186 2343 217 2373 3.
242 2340 357 2383 Epist.
374 2341 414 2374 B.
431 2340 540 2374 Pauli
552 2342 599 2374 ad
616 2341 730 2380 Rom.‚
744 2341 874 2380 V11‚19
890 2343 926 2373 et
943 2345 982 2373 23
1002 2352 1009 2374 ι
1030 2356 1044 2370 «
1064 2342 1145 2373 Non
1164 2343 1260 2374 euim
1278 2343 1375 2384 quod
1398 2344 1480 2375 volo
1502 2343 1651 2384 bonum,

145 2381 215 2415 hoc
231 2382 326 2415 facio
341 2392 350 2422 ;
373 2383 438 2415 sed
458 2384 557 2425 quod
573 2384 657 2415 nolo
675 2384 821 2421 malum,
841 2383 909 2415 hoc
936 2394 1004 2425 ago
1009 2408 1072 2416 .....
1095 2384 1212 2416 Video
1227 2386 1348 2417 autem
1363 2385 1469 2416 aliam
1487 2386 1602 2426 legem
1618 2386 1653 2417 in

146 2423 319 2456 membris
336 2424 439 2463 meis,
458 2428 720 2474 repugnantem
737 2425 806 2466 legi
825 2425 957 2456 mentis
981 2436 1092 2465 meae,
1112 2429 1148 2459 et
1168 2427 1413 2468 captivantem
1435 2437 1492 2458 me
1516 2428 1552 2459 in
1571 2428 1649 2469 lege

147 2465 300 2507 peccati,
318 2475 410 2508 quae
427 2470 484 2499 est
501 2477 537 2499 in
556 2467 730 2499 membris
744 2467 844 2498 meis.
864 2480 877 2495 »

187 2509 219 2539 4.
243 2506 322 2540 Lib.
345 2507 465 2548 Prov.‚
488 2509 622 2548 XVIII,
647 2513 665 2540 3
686 2519 692 2541 :
714 2520 729 2539 «
749 2508 886 2549 Impius
910 2519 992 2540 cum
1015 2509 1051 2540 in
1076 2510 1297 2551 profundum
1322 2511 1463 2542 venerit
1487 2512 1653 2552 peccato-

143 2558 235 2590 rum,
252 2550 454 2596 contemnit
467 2560 479 2582 .·
497 2551 560 2582 sed
577 2551 743 2623 seguitur
760 2560 840 2581 eum
859 2551 1054 2622 ignominia
1072 2554 1108 2583 et
1126 2553 1377 2593 opprobrium.
1400 2566 1414 2580 »

187 2593 218 2664 ἷί).
240 2590 351 2664 {Aliter
373 2590 521 2631 Psalm„
547 2592 608 2624 LX
647 2592 711 2630 111,
730 2595 747 2622 3
767 2602 774 2623 :
793 2606 808 2621 u
829 2591 868 2623 In
883 2603 962 2623 ixus
979 2603 1058 2624 sum
1083 2593 1118 2625 in
1142 2593 1228 2626 limo
1246 2595 1429 2636 profundi,
1458 2596 1495 2626 et
1512 2605 1582 2626 non
1597 2597 1653 2626 cst

147 2641 189 2664 su
219 2643 236 2664 s
255 2643 299 2664 an
320 2643 365 2664 ia.
385 2646 400 2661 ι»

147 2714 155 2721 ·
187 2677 218 2707 6.
242 2673 376 2716 Proph.
391 2675 538 2715 Jerem„
551 2675 719 2715 XXXIII,
732 2678 769 2706 11
785 2685 791 2707 :
806 2688 821 2703 «
837 2676 1046 2717 Assumptis
1061 2687 1100 2708 er
1113 2687 1147 2708 *o
1157 2678 1403 2709 Abdcmelech
1412 2688 1535 2709 secum
1550 2678 1651 2717 viris,

145 2724 328 2756 ingressus
353 2717 409 2749 est
434 2717 582 2749 domum
608 2718 714 2759 regis,
739 2727 830 2759 quae
855 2720 934 2750 erat
957 2719 1024 2750 sub
1052 2720 1106 2751 cel
1124 2719 1212 2758 ario,
1232 2723 1269 2751 et
1293 2720 1376 2751 tulit
1399 2720 1481 2751 inde
1510 2722 1651 2751 veteres

149 2765 353 2797 pannos-⁰..
374 2771 402 2790 υ.
1627 2776 1630 2779 ·
