1930 3224
274 227 353 270 170
679 243 778 271 VEN.
813 242 1003 271 GUIBERTI
1038 243 1142 271 vrrAE
1173 242 1292 271 Lmen
1325 242 1368 270 111

266 340 505 397 opulentiae
534 341 803 398 plurimique
847 340 980 397 precii
1007 344 1109 382 ante
1138 339 1301 383 fuerat.
1327 339 1435 391 Quae
1449 340 1546 397 ejus
1569 339 1748 383 ubertas

267 408 322 449 ad
371 413 461 450 tam
510 409 754 465 profligatae
807 408 965 450 mortis
1020 408 1199 450 devenit
1248 408 1512 450 tenuitatem
1549 421 1557 451 :
1606 423 1748 466 equus

268 491 459 533 namque
482 476 671 533 gloriam
699 476 852 517 saeculi
882 476 1044 533 signat.

328 546 468 604 Igitur
512 562 565 588 ex
616 547 881 604 cujusquam
936 535 1129 589 maxime
1176 552 1357 605 peccato
1384 547 1658 604 contigerat,
1700 551 1751 590 ut

267 614 588 671 gloriosissima
605 615 788 657 ecclesia
812 614 1142 661 miserabilibus
1162 615 1441 657 addiceretur
1465 615 1666 660 excidiis.
1683 615 1751 658 Ex

266 682 398 724 domo
426 683 594 725 scilicet
613 683 874 725 thesaurarii
897 691 930 735 ἃ,
961 683 1037 740 qui
1061 688 1104 725 et
1128 683 1382 739 symoniace
1410 683 1748 727 archidiaconus

266 755 374 804 erat,
401 750 447 791 in
470 751 702 792 ecclesiam
727 766 985 808 proserpere
1009 751 1133 792 visus
1153 755 1220 793 est
1247 751 1378 807 ignis,
1407 750 1515 802 Quae
1542 766 1644 793 cum
1669 766 1750 809 pro

264 818 497 876 praesentis
512 819 648 875 gloria
664 819 960 860 solemnitatis
978 818 1159 876 palliisb
1171 824 1303 876 atque
1321 818 1546 876 tapetibus
1567 817 1750 862 nobilis-

265 886 376 928 sime
409 886 519 928 foret
548 887 888 939 circumornata,
925 892 1109 943 urgente
1146 887 1248 943 igne
1282 903 1420 944 pauca
1457 902 1511 929 ex
1542 886 1690 945 palliis
1710 885 1746 939 ¹²,
1798 939 1806 947 “

264 954 380 996 furto
404 954 585 1011 abrepta
606 955 755 1011 potius
782 971 916 1012 quam
964 955 1074 996 focis
1117 960 1234 997 tacta
1268 955 1541 1007 creduntur;
1583 955 1750 1012 tapetia

264 1028 414 1064 autem
440 1023 604 1080 aliqua,
632 1023 734 1080 quia
757 1022 884 1065 facile
905 1022 1033 1064 funes
1060 1039 1083 1064 a
1110 1023 1289 1066 trocleis
1315 1023 1325 1051 ¹
1346 1022 1523 1065 demitti
1546 1038 1568 1065 a
1598 1022 1750 1080 paucis

264 1105 351 1131 non
377 1095 597 1147 poterant,
623 1090 895 1133 succubuere
922 1090 1144 1133 caloribus
1167 1105 1175 1144 ;
1213 1090 1373 1133 tabulae
1411 1090 1566 1133 altaris
1605 1105 1750 1136 aureae

263 1163 307 1200 et
329 1163 584 1200 sanctorum
620 1158 778 1200 feretra
822 1164 973 1216 erepta
1006 1175 1108 1200 cum
1148 1159 1243 1216 ipsa
1282 1158 1552 1216 prominenti
1577 1174 1746 1212 eorum,

262 1241 397 1284 quam
432 1227 495 1268 sic
529 1227 743 1277 vocitant,
772 1228 906 1284 repa‘2
933 1241 941 1278 ;
982 1231 1140 1269 caetera
1165 1228 1209 1268 in
1235 1242 1346 1284 gyro
1389 1226 1607 1269 incendiis
1638 1230 1748 1284 puto

262 1299 477 1352 corrept-a.
506 1294 599 1336 Sub
636 1310 686 1336 ea
707 1295 825 1336 enim
849 1295 1030 1352 quidam
1051 1311 1153 1336 cum
1174 1310 1219 1336 se
1253 1294 1510 1336 reclusisset
1536 1294 1589 1338 de
1614 1293 1748 1343 nobi-

261 1362 447 1404 lioribus
484 1363 670 1415 clericis,
693 1363 803 1404 inde
839 1363 1046 1420 progredi
1074 1378 1161 1404 non
1185 1378 1474 1420 praesumenS,
1514 1377 1569 1404 ne
1596 1361 1749 1405 turbas

262 1436 461 1472 errantes
484 1431 713 1483 incideret,
755 1446 858 1473 cum
891 1429 1043 1488 iguem
1064 1431 1177 1472 circa
1206 1446 1251 1472 se
1274 1431 1460 1472 stridere
1475 1438 1491 1456 ⁰
1515 1430 1746 1483 sensisset,

262 1499 317 1540 ad
353 1499 611 1540 cathedram
647 1499 943 1556 episcopalem
991 1499 1143 1552 currit,
1190 1499 1518 1556 superpositam
1560 1498 1748 1541 vitream

261 1567 497 1623 capitalem
524 1566 635 1624 pede
656 1567 894 1623 impulsam
913 1567 1122 1623 pertudit,
1152 1567 1302 1623 sicque
1326 1566 1507 1609 desiliit.
1537 1565 1749 1608 Crucifixi

262 1635 442 1676 Domini
470 1635 616 1692 imago
627 1627 946 1676 'decentissime
968 1634 1182 1676 obaurata
1212 1634 1490 1692 gemmisque
1517 1633 1745 1687 distincta,

260 1718 362 1744 cum
389 1718 493 1745 vase
515 1703 797 1760 saphyretico
819 1718 897 1760 pro
913 1702 1100 1760 pedibus
1126 1702 1333 1758 imaginis
1355 1701 1508 1744 illius‘i
1530 1717 1746 1759 appenSO,

259 1771 304 1812 in
325 1776 490 1813 terram
508 1770 604 1812 fusa
623 1770 859 1823 delabitur,
886 1786 967 1812 nec
992 1770 1086 1812 sine
1111 1771 1305 1828 plurima
1322 1770 1496 1827 jactura
1514 1769 1741 1828 recipitur.

260 1839 374 1881 Cum
395 1839 533 1895 igitur
552 1843 823 1880 cremaretur
844 1839 1029 1880 ecclesia
1051 1843 1185 1895 atque
1213 1838 1445 1896 palatium,
1472 1837 1594 1880 dictu
1616 1837 1748 1885 mira-

259 1907 362 1957 bile.
394 1907 723 1964 mysticumque
752 1907 833 1948 Dei
866 1907 1086 1964 judicium
1111 1907 1119 1948 l
1163 1907 1296 1966 ticioe
1334 1911 1485 1948 utrum
1509 1906 1660 1948 nescio
1689 1921 1746 1948 an

259 1975 391 2016 carbo
419 1975 474 2016 ad
519 1976 839 2016 monasterium
878 1975 1138 2031 virginum3
1177 1973 1451 2026 convolavit,
1495 1978 1538 2016 et
1593 1973 1746 2016 Sancti

258 2043 445 2085 Joannis
470 2043 704 2084 ecclesiam
726 2043 738 2071 '⁴
760 2043 1050 2094 succendenS,
1084 2043 1232 2084 Beatae
1267 2042 1401 2084 etiam
1443 2041 1612 2094 Mariae,
1647 2056 1746 2098 quae

259 2110 483 2152 Profunda
513 2111 678 2152 dicitur
704 2112 735 2164 5,
777 2110 1018 2168 Sanctique
1046 2111 1168 2153 Petri
1192 2111 1208 2137 ‘³
1236 2110 1281 2151 in
1305 2110 1476 2154 cineres
1504 2109 1740 2152 convertit.

299 2231 329 2252 a.
349 2222 447 2253 Corr.
465 2222 508 2252 de
529 2222 571 2252 D.
590 2222 764 2253 thesaurii
784 2222 877 2252 13.-
895 2222 927 2253 1).
947 2222 1046 2253 Coi-r.
1066 2223 1108 2252 de
1119 2222 1161 2253 D.
1182 2221 1289 2262 paliis
1304 2222 1343 2252 B.
1359 2240 1399 2244 —
1419 2231 1447 2253 c.
1468 2221 1587 2252 ridere
1601 2220 1645 2251 D.
1661 2219 1745 2252 —d.

259 2263 360 2294 illius
380 2263 549 2304 imaqinis
564 2263 608 2294 D.
623 2282 660 2286 —
677 2273 704 2294 e.
728 2263 808 2294 titio
824 2264 868 2295 D.

299 2398 328 2425 1.
352 2407 392 2421 =
407 2394 561 2426 Poulies.
581 2393 830 2434 Ortliographc
846 2395 968 2424 exacte
988 2403 995 2424 z
1013 2393 1194 2425 trochleis.

256 2435 599 2517 NgiaezpchigKi-cle
615 2436 657 2466 dc
678 2435 814 2474 chasse,
831 2434 1011 2466 ciborium
1027 2435 1220 2476 (Ducangc,
1240 2437 1265 2466 t.
1294 2435 1374 2475 VII,
1392 2445 1427 2475 p.
1460 2437 1537 2473 705,
1564 2433 1741 2474 Dachery,

297 2522 326 2550 3.
353 2519 380 2548 Il
400 2518 502 2558 s’agit
519 2518 565 2549 du
589 2520 746 2549 convent
773 2518 987 2549 Saint-Jcan.

298 2562 326 2591 4.
352 2560 395 2590 V.
415 2570 449 2599 p.
469 2561 539 2598 145,
559 2569 592 2589 n.
622 2563 651 2591 1.

298 2604 326 2631 5.
351 2601 530 2641 L'abbaye
550 2600 776 2632 benedictine
794 2601 836 2630 de
865 2600 1356 2631 Notrc-Dame-la-Profonde
1374 2599 1467 2637 date,
1492 2607 1631 2630 comme
1656 2597 1743 2629 celle

257 2643 300 2672 de
319 2642 538 2681 Saint—Jean,
557 2643 604 2672 du
619 2649 682 2673 vu*
701 2643 807 2673 siecle
834 2642 887 2681 (A.
908 2642 1061 2675 Matton.
1079 2652 1134 2682 ορ.
1150 2641 1223 2676 cil..
1244 2652 1277 2682 p.
1304 2644 1373 2672 151.
1396 2641 1421 2671 [Ι
1439 2639 1589 2671 n’existe
1612 2649 1677 2680 pas
1701 2640 1745 2670 de

256 2684 374 2714 notice
393 2694 454 2714 sur
470 2685 564 2715 cette
581 2684 672 2714 abba
702 2693 719 2714 e
738 2684 826 2714 dans
844 2683 876 2713 la
896 2683 1012 2713 Gallia
1029 2683 1274 2723 Christiania).

297 2728 325 2755 6.
352 2717 472 2765 Eglise
484 2726 526 2755 de
546 2725 663 2756 Saint-
698 2724 1025 2762 ierre-au-Marche,
1046 2725 1174 2756 sondee
1189 2734 1232 2755 en
1253 2726 1310 2755 545
1332 2723 1388 2763 (A.
1411 2723 1563 2761 Matton,
1580 2731 1637 2763 op.
1670 2721 1744 2760 cit„
