1930 3224
249 216 331 259 108
664 232 762 261 VEN.
800 232 991 261 Guissssnrl
1025 233 1132 262 vim:
1164 234 1283 263 Liiissn
1314 235 1343 263 11

244 329 468 386 siquidem
489 346 578 371 non
601 331 756 382 literis,
786 346 873 372 non
898 346 1058 386 genere
1074 333 1235 384 clarus,
1267 333 1346 374 sed
1361 333 1407 374 in
1430 349 1573 375 rerum
1594 333 1733 376 foras-

243 396 432 439 ticarum
469 398 531 439 sic
574 398 657 440 fuit
696 398 1028 455 dispensatione
1073 399 1358 457 conspicuus,
1415 406 1464 443 ut
1509 401 1732 444 interioris

244 465 408 520 regulae
445 466 580 508 statui
610 466 726 508 bona
759 466 1060 508 sollicitudine
1087 467 1254 525 pariter
1291 468 1550 510 redderetur
1581 469 1731 512 inten-

243 538 331 575 tus.
364 533 446 575 His
475 534 612 590 igitur
633 534 777 575 tribus
803 535 1087 577 monasteriis
1110 536 1400 592 praesidens¹,
1433 551 1486 578 ex
1518 535 1731 580 ditiorum

243 601 386 657 copiis
410 601 616 653 duorum,
645 602 763 643 tertii
792 602 944 659 hujus,
970 603 1089 659 quod
1108 604 1356 646 coalescere
1386 609 1596 661 coeperat,
1625 619 1729 662 sup-

243 668 396 726 plebat
419 669 706 726 indigentias.
736 669 857 712 Inter
880 670 1095 727 plurimas
1118 671 1269 728 itaque
1289 688 1401 729 quas
1426 687 1562 729 penes
1581 672 1726 715 ecele-

243 737 355 778 siam
382 737 508 779 illam
528 738 724 779 exercuit
753 737 1058 790 liberalitates,
1088 739 1336 781 maximum
1356 740 1412 781 ad
1438 740 1535 797 ejus
1569 754 1727 782 conse-

242 805 486 846 crationem
512 806 724 848 conflavit
760 805 1012 858 obsonium,
1053 822 1152 864 quae
1172 806 1227 848 ab
1259 806 1511 851 Helinando
1551 807 1728 850 Laudu-

242 872 371 914 nensi
410 873 619 931 episcopo
635 874 666 925 ²2,
706 874 802 915 viro
833 890 969 931 opum
1005 874 1242 927 ditissimo,
1279 875 1394 917 eirca
1422 875 1758 918 institutiones·

243 940 531 983 ecelesiarum
567 946 610 984 et
643 946 828 983 ornatus
867 957 1018 983 earum
1039 950 1057 969 ἃ
1078 943 1397 995 curiosissimo,
1423 943 1642 995 dedicata,
1672 942 1729 985 ab

241 1009 339 1065 ipso
367 1024 546 1066 quoque
570 1010 819 1067 privilegiis
833 1011 864 1061 ³³,
889 1026 913 1051 a
943 1010 1207 1067 plaerisqueb
1226 1011 1517 1067 pensionibus
1536 1015 1580 1053 et
1600 1026 1728 1053 man-

242 1077 388 1133 cipata
411 1084 440 1129 ⁶,
466 1082 510 1119 et
536 1077 668 1119 claris
687 1078 946 1119 muneribus
973 1083 1099 1120 aucta
1116 1084 1199 1121 est.

300 1145 363 1186 At
384 1145 596 1201 quoniam
616 1150 660 1187 et
686 1161 781 1187 aevo
803 1146 953 1202 gravis
968 1147 1207 1203 praedictus
1228 1146 1366 1188 abbas
1389 1151 1433 1188 et
1454 1146 1596 1189 oculis
1621 1161 1727 1204 cap-

242 1216 315 1254 tus
339 1218 447 1264 erat,
479 1213 531 1254 ad
557 1213 877 1270 opulentiores,
906 1230 1005 1271 quae
1036 1230 1113 1256 sua
1143 1214 1408 1257 sufficientia
1432 1213 1607 1256 facilius
1633 1214 1727 1271 regi

242 1285 468 1337 poterant,
514 1281 625 1323 duas
658 1281 859 1324 abbatias
902 1297 948 1324 se
981 1283 1197 1334 contulit;
1239 1282 1419 1324 tertiam
1459 1283 1590 1335 hanc,
1626 1297 1725 1340 quae

242 1349 337 1390 sine
361 1364 546 1406 operosa
574 1349 786 1392 instantia
814 1350 966 1392 haberi
994 1350 1251 1392 nullatenus
1280 1350 1476 1403 valebat,
1500 1350 1724 1392 dimittere

241 1417 489 1474 proposuit.
513 1417 600 1469 Qui
614 1418 791 1459 cuidam
813 1434 892 1460 suo
908 1418 929 1444 ‘¹
946 1419 1097 1475 nepoti
1112 1419 1330 1460 monacho
1348 1434 1450 1460 eum
1472 1417 1585 1460 hane
1605 1433 1724 1460 com-

239 1485 434 1537 mittere,
452 1486 706 1542 provocatis
727 1486 782 1528 ad
796 1487 841 1529 id
860 1486 1059 1528 ecclesiae
1070 1486 1297 1539 fratribus,
1317 1486 1563 1538 moliretur,
1584 1486 1724 1543 impe-

280 1606 312 1628 a.
330 1606 457 1669 Eorum
473 1597 561 1628 D.—-
578 1597 612 1628 h.
627 1597 816 1640 plerisque
836 1598 924 1629 D.-
939 1608 967 1630 c.
987 1598 1208 1640 emancipata
1229 1598 1273 1628 D.
1292 1599 1445 1639 Mauque
1461 1600 1560 1629 et.—
1577 1598 1610 1629 d.
1629 1607 1728 1628 mau-

243 1648 311 1679 que
367 1663 374 1669 .
1288 1648 1297 1657 .

238 1770 427 1809 rographe,
448 1780 481 1809 p.
499 1773 555 1800 207
573 1780 618 1800 ou
638 1770 663 1800 f⁰
677 1773 814 1801 187-188
831 1781 838 1809 3
859 1771 902 1802 D.
923 1770 979 1801 Du
1003 1770 1146 1809 Plessis,
1166 1780 1222 1811 op.
1245 1770 1317 1806 cit.,
1331 1770 1369 1801 P.
1385 1769 1433 1809 J.,
1447 1780 1483 1811 p.
1503 1773 1573 1808 130,
1590 1768 1729 1810 d'apres

237 1810 269 1841 le
289 1811 490 1848 cartulaire,
511 1814 546 1842 et
562 1812 782 1852 incomplet).
804 1812 950 1852 D'apres
969 1812 1112 1843 Nicolas
1126 1813 1170 1842 de
1188 1811 1450 1852 Saint-Crepin,
1466 1811 1661 1851 biographe
1679 1810 1727 1841 du

237 1861 446 1882 successeur
463 1852 622 1891 d'Henri,
639 1853 732 1884 saint
750 1853 922 1892 Geoss'roi,
941 1853 1107 1894 l'abbaye
1126 1853 1214 1884 etait
1230 1854 1319 1884 dans
1333 1863 1379 1883 un
1394 1852 1469 1884 ctat
1487 1852 1602 1883 moins
1615 1851 1730 1883 floris-

236 1895 317 1923 sant
334 1903 403 1933 que
418 1903 461 1924 ne
474 1894 526 1924 dit
538 1894 691 1925 Guibert
711 1904 717 1925 :
736 1907 749 1921 «
764 1894 923 1935 Cumque
935 1904 976 1925 eo
989 1895 1225 1935 pervenisset,
1245 1894 1387 1925 nonnisi
1404 1904 1464 1925 sex
1481 1893 1675 1933 monachos
1692 1894 1728 1924 et

237 1934 327 1964 duos
360 1935 530 1975 puerulos
559 1935 631 1965 illic
655 1936 791 1967 invenit
807 1946 814 1968 2
833 1936 923 1966 nihil
947 1936 995 1966 ibi
1025 1936 1080 1966 vel
1103 1936 1174 1966 vini
1207 1936 1263 1966 vel
1295 1935 1464 1967 frumenti
1501 1933 1724 1975 supererat):

236 1975 344 2007 cellas
379 1976 571 2006 admodum
616 1977 769 2007 humiles
802 1980 838 2008 ct
874 1977 1057 2017 angustias
1084 1978 1206 2008 videre
1239 1977 1373 2008 licebat
1408 1975 1573 2016 (mapalia
1589 1975 1724 2016 dicere)

236 2017 347 2056 virgis
370 2017 427 2047 vel
452 2017 646 2048 viminibus
674 2018 841 2049 intextas.
862 2019 1103 2050 Excreverant
1127 2019 1284 2057 dumeta,
1312 2017 1449 2056 tribuli,
1474 2016 1645 2048 rubetaet
1658 2015 1727 2048 alia

237 2058 385 2088 arbusta
405 2059 558 2098 passim:
582 2059 713 2099 quibus
735 2060 883 2090 succisis
896 2060 930 2091 et
943 2059 1145 2100 extirpatis,
1167 2069 1324 2099 agroque
1345 2059 1552 2091 exuderato.
1565 2067 1584 2088 a
1602 2057 1729 2088 funda-

236 2101 356 2130 mento
378 2100 536 2130 extruxit
563 2100 652 2133 loca.
683 2101 939 2131 monachorum
958 2101 1173 2132 habitationi
1198 2103 1403 2141 opportuna
1423 2102 1458 2131 et
1479 2098 1723 2130 accommoda.

235 2140 390 2171 Domum
409 2151 551 2181 quoque
575 2142 779 2180 aedificavit,
800 2143 833 2172 in
862 2153 930 2182 qua
949 2153 1123 2182 pauperes
1145 2145 1180 2173 et
1203 2142 1286 2181 aegri
1314 2141 1569 2181 reciperentur,
1594 2139 1725 2180 quibus

236 2181 400 2212 fovendis
429 2186 541 2213 terras
569 2184 604 2213 et
628 2183 750 2213 vineas
774 2184 953 2222 delegavit
976 2197 990 2211 »
1017 2184 1056 2223 (Ι,
1087 2194 1154 2222 xix,
1180 2184 1267 2213 dans
1293 2182 1431 2221 Sui-ius,
1467 2181 1564 2212 Vitae
1592 2182 1725 2220 sanct„

234 2224 259 2253 t.
282 2223 343 2261 VI,
364 2233 398 2262 p.
419 2225 501 2263 187).
525 2223 636 2254 Outre
660 2234 727 2263 quc
752 2224 1015 2265 l'liagiographe
1046 2224 1134 2256 ecrit
1161 2224 1240 2265 plus
1266 2224 1344 2255 tard
1370 2234 1438 2264 que
1465 2223 1630 2261 Guibert,
1657 2221 1682 2253 il
1707 2232 1727 2253 a

234 2265 417 2304 peut-&tre
439 2264 639 2295 l'intention
658 2266 701 2296 de
718 2266 816 2305 faire,
834 2276 897 2306 par
922 2276 985 2296 son
1010 2265 1112 2305 recit,
1140 2266 1310 2296 ressortir
1333 2266 1529 2304 davantage
1554 2264 1586 2295 la
1608 2263 1727 2294 bonne

234 2305 525 2336 administration
544 2306 587 2336 de
606 2306 775 2344 Geoss'roi,
796 2308 936 2347 auquel,
956 2318 1020 2348 par
1039 2308 1194 2346 ailleurs,
1211 2306 1364 2337 Guibert
1384 2306 1474 2337 n'est
1490 2315 1554 2346 pas
1571 2304 1725 2336 entiere-

234 2349 332 2377 ment
350 2346 533 2377 favorable
555 2348 649 2388 (voy.
670 2358 703 2387 p.
724 2351 794 2385 109,
815 2358 847 2379 n.
866 2348 908 2389 li).
1577 2349 1591 2354 ”

276 2390 304 2417 1.
331 2387 378 2418 La
396 2388 583 2428 discipline
602 2389 870 2429 ecclesiastique
889 2390 1078 2420 admettait
1098 2399 1157 2420 ces
1172 2390 1309 2420 cumuls
1319 2398 1363 2419 au
1381 2395 1430 2419 xv
1443 2388 1550 2419 siecle
1564 2388 1662 2428 (voy.
1676 2387 1727 2417 les

234 2431 350 2459 textes
363 2428 483 2459 renuis
500 2439 564 2469 par
574 2429 752 2470 Dachery,
769 2430 879 2464 Notae,
897 2442 929 2471 p.
950 2432 1111 2471 617-618).
1131 2433 1167 2462 et
1182 2431 1226 2460 ils
1243 2432 1306 2460 ont
1329 2429 1386 2461 etc»
1410 2430 1453 2460 de
1472 2438 1633 2459 nouveau
1653 2428 1727 2458 fort

232 2469 361 2508 goutes
380 2471 539 2509 pendant
556 2471 607 2501 les
625 2471 713 2501 trois
731 2472 892 2502 derniers
908 2472 1034 2503 sicclcs
1049 2473 1092 2502 de
1106 2471 1255 2503 l‘ancien
1271 2470 1415 2510 regime.

275 2514 303 2540 2.
333 2510 522 2550 He'linand,
558 2511 693 2552 eveque
724 2513 766 2543 dc
801 2514 908 2550 Laon,
940 2514 983 2544 ‹le
1015 2516 1093 2543 1052
1121 2514 1139 2544 a
1170 2516 1248 2543 1098
1279 2512 1383 2550 (Gall.
1419 2511 1565 2549 Christ„
1596 2513 1622 2542 t.
1662 2509 1723 2550 IX,

233 2552 300 2582 col.
321 2554 474 2591 524-5253
493 2552 537 2584 D.
555 2553 596 2583 N.
617 2552 762 2593 Leloug,
779 2554 869 2585 [list.
887 2554 952 2585 cir.
973 2556 1006 2585 et
1024 2553 1146 2586 eccle's.
1159 2554 1206 2585 (111
1223 2553 1361 2585 diocese
1376 2553 1417 2584 cle
1433 2553 1542 2592 Laon,
1557 2552 1723 2592 Chalons‚

235 2596 324 2631 1783,
341 2593 426 2627 in—4,
443 2604 478 2633 p.
495 2595 654 2634 177-178).
672 2613 713 2616 —
733 2595 785 2626 Cf.
806 2595 828 2625 l.
848 2595 909 2625 111.
926 2606 956 2626 c.
981 2606 1014 2626 u.

273 2638 302 2664 3.
328 2633 563 2670 D’Hclinand,
583 2645 625 2665 en
644 2636 773 2666 dchors
791 2637 834 2666 de
854 2637 884 2667 la
903 2637 1152 2667 confirmation
1171 2635 1326 2674 signalee
1347 2646 1381 2676 p.
1396 2639 1465 2673 107,
1479 2638 1552 2671 n.1,
1571 2644 1660 2665 nous
1678 2645 1721 2666 ne

232 2676 466 2705 counaissons
486 2676 614 2716 qu'une
639 2677 761 2707 charte
788 2688 852 2717 par
878 2678 1028 2717 laquelle
1050 2678 1073 2707 il
1097 2678 1246 2708 restitue
1275 2677 1293 2707 a
1317 2677 1480 2716 l’abbaye
1510 2677 1553 2707 de
1580 2675 1723 2715 Nogent

230 2719 355 2756 quatre
371 2717 485 2748 autels
500 2717 642 2748 euleves
661 2719 679 2748 a
694 2719 756 2748 des
774 2719 870 2751 la'ics.
885 2720 929 2749 de
950 2722 1026 2749 1080
1041 2719 1096 2754 (Ι).
1111 2719 1166 2748 Du
1181 2718 1322 2757 Plessis,
1339 2728 1394 2758 ορ.
1414 2718 1486 2756 eit„
1505 2718 1542 2748 P.
1560 2717 1606 2756 J.,
1624 2724 1662 2748 n⁰
1674 2717 1718 2756 V,

230 2767 264 2797 p.
286 2760 367 2797 130).
381 2758 526 2798 Jusqu‘ii
546 2758 679 2789 l'annec
702 2763 788 2797 1095,
806 2760 886 2790 (late
903 2761 945 2790 de
966 2761 996 2790 la
1015 2760 1262 2790 confirmation
1281 2760 1324 2790 de
1334 2760 1366 2790 la
1376 2759 1562 2790 fondation
1572 2759 1614 2789 de
1631 2762 1718 2797 1059,

229 2798 252 2827 il
271 2798 328 2837 n'y
347 2809 363 2828 a
384 2799 474 2838 plus,
495 2800 513 2830 a
526 2809 581 2830 ma
600 2801 870 2837 connaissance,
885 2802 927 2831 de
942 2804 1037 2832 texte
1056 2801 1315 2841 diplomatiquc
1333 2804 1547 2832 concernunt
1566 2800 1718 2839 Nogent.
