1930 3224
596 282 696 311 vm.
733 281 929 309 emnem-1
963 279 1072 309 VITAE
1104 278 1227 308 mmer-
1260 278 1271 305 ι
1634 262 1690 306 89

204 382 341 426 raude
359 381 626 441 composita,
652 385 703 424 ut
729 380 775 423 in
794 379 1092 438 procurando,
1120 378 1167 420 in
1193 377 1401 428 emend0‚
1432 380 1484 418 ut
1510 391 1691 433 compo-

176 451 336 495 fiendo
380 450 477 494 tota
523 453 701 493 constet
740 449 787 491 in
828 448 1146 491 maledictione
1178 446 1398 501 conflata;
1446 459 1528 487 nec
1571 444 1692 486 enim

182 511 387 563 *medium
428 518 615 578 precii⁸,
650 522 891 576 postquam
923 520 1027 575 post
1057 517 1177 559 hunc
1209 519 1425 557 eventum
1462 513 1508 556 in
1538 517 1691 570 partes

50 576 323 640 ‘12¹‘n'iissa
356 587 637 631 considerata
672 586 774 639 fuit,
816 590 886 628 est
917 585 1067 628 valere
1099 584 1303 642 probata.
1347 582 1398 624 In
1424 582 1523 640 ipsa
1558 581 1691 639 plane

182 657 285 716 ‘ejus
319 655 647 715 compositione
679 655 823 697 multa
850 653 1069 712 emptoris
1098 652 1220 695 fraus
1251 652 1429 694 detecta
1463 655 1573 693 tunc
1602 654 1687 692 est.

149 763 152 766 .
183 725 293 769 ‘Haec
313 725 452 783 igitur
473 723 662 781 integris
682 723 856 766 eaeteris
874 722 1152 765 ornamentis
1173 721 1236 763 sic
1249 725 1320 763 est
1334 720 1435 778 jure
1457 720 1686 772 damnata,

59 796 66 803 ²
180 794 292 839 *licet
315 809 397 837 suo
417 792 654 836 mercatori
678 792 816 834 simili
838 807 1020 849 parsum
1049 790 1255 833 videatur
1276 806 1302 832 a
1316 804 1466 846 poena.

174 878 187 883 ⁴·
245 862 438 907 Cuidam
463 866 616 904 autem
641 861 859 905 monacho
889 859 1147 902 mordacem
1170 858 1346 916 gerenti
1369 856 1692 900 conscientiam

176 935 291 975 ‘ante
322 931 407 974 hoc
434 930 603 973 factum
624 929 714 973 tale
741 929 850 988 quid
879 928 1102 986 apparuit.
1138 927 1292 983 Imago
1331 926 1515 968 Domini
1547 925 1692 968 cruci-

182 999 264 1043 fixi
284 999 340 1043 de
362 1014 493 1042 cruce
524 997 795 1041 descendere
831 997 1084 1050 videbatur,
1123 996 1177 1038 de
1211 995 1437 1047 manibus,
1472 995 1612 1037 latere
1642 1009 1693 1036 ac

183 1068 376 1128 pedibus
399 1068 620 1125 sanguine
647 1067 883 1109 extillante
898 1065 946 1120 '¹3
984 1081 1063 1123 per
1088 1065 1212 1107 chori
1236 1064 1436 1106 medium
1459 1063 1690 1116 incedens,

178 1137 330 1181 ‘dicere
357 1136 624 1179 audiebatur
652 1149 660 1180 :
701 1154 722 1175 «
756 1135 857 1177 Nisi
890 1134 1086 1180 confessi
1122 1133 1314 1185 fueritis,
1361 1131 1632 1175 moriemini.
1671 1149 1691 1171 »

184 1204 274 1258 Qui
293 1203 578 1264 experrectus
591 1204 764 1246 horruit
782 1203 998 1261 seipsum,
1025 1202 1104 1245 sed
1120 1206 1365 1260 antequam
1382 1201 1690 1254 confiteretur,

179 1273 308 1318 ‘subit
327 1273 589 1332 hujusmodi
612 1288 716 1315 cum
733 1272 908 1315 caeteris
931 1271 1142 1314 omnibus
1175 1270 1443 1328 periculum,
1481 1269 1559 1327 qui
1584 1284 1693 1311 con-

184 1343 333 1386 fessus
353 1342 468 1401 justi
483 1341 645 1401 judicii
675 1356 894 1398 magnum
917 1340 1041 1383 dedit
1074 1339 1306 1382 indicium.
1349 1339 1437 1381 Pro
1476 1354 1566 1396 quo
1596 1338 1694 1396 jam

184 1415 473 1455 consternato
515 1410 790 1465 discrimine,
841 1410 914 1451 die
952 1424 1041 1467 quo
1087 1409 1182 1451 haec
1226 1407 1422 1465 primum
1471 1407 1691 1460 accidere,

184 1481 401 1540 perennia
417 1478 662 1538 quotannis
677 1483 784 1521 sunt
798 1478 1006 1521 instituta
1022 1477 1193 1536 jejunia
1210 1476 1693 1534 eleemosynarumque

186 1549 417 1592 beneficia.
444 1548 589 1592 Missa
615 1548 672 1590 ad
701 1546 881 1590 beatam
914 1547 1106 1590 Mariam
1129 1551 1173 1588 et
1197 1545 1252 1588 de
1286 1546 1383 1604 ipsa
1410 1545 1691 1604 quotidiana,

124 1662 126 1664 .
187 1623 353 1678 praeter
386 1617 503 1660 hanc
541 1632 721 1675 quoque
766 1615 902 1658 missa
949 1615 1003 1657 de
1048 1615 1201 1658 Natali
1246 1614 1429 1656 Domini
1462 1613 1519 1656 ad
1547 1613 1693 1656 altare

185 1686 341 1731 Sancti
370 1679 600 1731 Michaelis
631 1685 756 1727 omni
795 1684 1038 1727 dominica.
1072 1684 1161 1727 Sed
1183 1683 1279 1742 jam
1319 1697 1608 1742 properemus
1638 1682 1695 1724 ad

186 1754 291 1799 alia.
332 1777 335 1779 “
1035 1755 1040 1757 ’
1515 1749 1519 1752 ”

733 1921 954 1980 [CAPUT
967 1925 973 1928 ·
986 1921 1152 1979 xxiv]

246 2037 312 2080 Eo
333 2052 469 2090 amm,
490 2036 649 2078 immo⁶
663 2039 767 2095 post
788 2041 982 2093 quatuor
997 2035 1130 2093 primi
1146 2050 1278 2077 casus
1299 2049 1496 2088 menses,
1510 2033 1694 2092 quidam

185 2105 435 2150 monachus
478 2104 635 2147 ordine
691 2104 944 2163 presbyter,
1005 2103 1164 2146 matris
1212 2119 1323 2145 meae
1365 2103 1596 2160 quondam
1648 2102 1694 2144 in

185 2175 350 2233 saeculo
405 2172 666 2232 capellanus
690 2173 719 2225 ¹,
762 2173 832 2215 vir
870 2173 928 2215 ad
954 2172 1136 2215 oculum
1176 2177 1283 2214 tunc
1319 2171 1577 2229 religiosus,
1614 2171 1693 2213 sed

182 2248 293 2288 tunc
328 2247 374 2287 et
400 2242 694 2302 postmodum
726 2241 857 2284 viciis
878 2241 899 2268 ‘¹
923 2240 1201 2293 enormibus,
1229 2257 1254 2283 a
1289 2239 1455 2299 quibus
1488 2239 1690 2282 custodia

183 2312 383 2356 humana
418 2311 636 2355 abstineri
678 2325 771 2353 non
814 2314 1008 2368 poterat,
1053 2309 1441 2352 irretractabiliter
1491 2309 1689 2362 deditus,

182 2381 315 2424 facile
338 2383 535 2439 coeperat
548 2379 781 2422 infirmari.
807 2379 895 2431 Qui
910 2378 1213 2436 insperatame
1233 2378 1279 2420 in
1295 2378 1431 2420 biduo
1448 2377 1692 2435 perductus

183 2450 243 2493 ad
263 2453 472 2503 mortem,
494 2449 631 2507 coepit
654 2448 868 2491 atrociter
880 2448 965 2490 hac
988 2447 1182 2505 illacque
1199 2447 1444 2504 despicere.
1484 2446 1691 2503 Cumque

184 2518 242 2562 ab
260 2518 334 2573 iis,
356 2518 434 2578 qui
460 2533 559 2560 esse
580 2516 678 2574 ejus
695 2521 930 2569 noverant,
959 2521 1193 2574 rogaretur
1218 2516 1327 2574 quid
1348 2520 1569 2568 cerneret,
1598 2530 1692 2556 res-

225 2641 258 2705 εἷ.
275 2630 391 2704 pugn
411 2631 455 2663 D.
473 2649 516 2654 —
535 2630 569 2663 b.
590 2629 798 2662 exstillante
820 2629 864 2662 D.
883 2647 924 2652 —
944 2640 973 2661 c.
994 2628 1065 2661 ἰιηὸ
1085 2629 1128 2661 D.
1148 2647 1188 2652 —-
1207 2629 1241 2661 d.
1261 2628 1360 2661 vitiis
1380 2629 1423 2660 D.
1447 2646 1489 2650 —-
1506 2637 1535 2659 e.
1556 2627 1593 2659 in
1614 2637 1693 2669 spe-

189 2683 231 2705 ra
250 2683 309 2705 am
360 2699 367 2706 .

228 2808 258 2837 1.
282 2805 383 2836 Nous
400 2814 533 2836 savons
559 2803 640 2844 deja
663 2804 749 2844 qu'il
814 2803 914 2835 avait
936 2803 1000 2835 des
1026 2803 1236 2845 chapelains
1260 2803 1351 2834 dans
1368 2803 1401 2833 la
1426 2803 1566 2834 maison
1590 2802 1634 2832 de
1660 2801 1692 2832 la

187 2846 283 2878 mere
297 2846 341 2878 de
359 2846 526 2885 Guibert,
546 2856 575 2878 c.
597 2856 631 2877 {v
650 2846 708 2887 (cf.
729 2846 751 2877 l.
788 2846 832 2884 11,
852 2855 883 2876 c.
903 2849 974 2886 xx).
