1930 3224
287 215 370 258 192
699 231 796 260 VEN.
833 231 1024 261 summm
1057 233 1162 261 vmu
1192 234 1313 263 Lmen
1344 235 1390 262 111

281 342 528 386 causasque
549 328 845 385 plurimorum
859 345 1093 372 munerum
1107 330 1368 375 effecerunt.
1398 333 1642 375 Taceamus
1665 348 1772 375 con-

280 396 608 438 suetudinarias
628 397 944 453 aegritudinum
967 397 1227 451 medicinas,
1260 398 1440 441 insolita
1478 400 1770 457 attingamus.

280 463 383 505 Non
410 464 529 505 enim
544 463 626 505 ode
649 464 852 522 puricum
874 464 884 492 ¹
909 480 1059 507 eorum
1076 466 1329 519 scribimus,
1359 467 1446 524 ipsi
1469 467 1771 522 conscribant,

281 546 362 572 nec
389 531 503 573 facta
525 532 712 587 viritim,
736 532 815 574 sed
841 548 1028 591 quaeque
1051 534 1356 591 praedicatoria
1391 535 1688 592 decerpimus.
1721 536 1772 579 In

281 598 490 650 omnibus
527 614 641 656 pene
682 599 793 642 locis
828 606 1099 654 reverenter,
1146 607 1195 644 ut
1240 602 1537 659 competebat,
1564 603 1769 662 excepti,

280 682 381 708 cum
405 666 461 708 ad
483 667 631 709 vicum
653 667 906 725 quendam⁸
926 669 1174 722 venissent,
1204 685 1293 712 non
1316 686 1339 712 a
1368 671 1629 728 presbytero
1655 671 1772 718 intra

284 734 534 788 ecclesiam,
559 750 648 777 non
669 751 693 777 a
726 736 906 778 rusticis
933 736 1049 778 intra
1082 737 1239 779 domos
1275 737 1542 781 habitabiles
1585 739 1772 782 admissi

282 807 411 856 sunt;
436 802 547 845 duas
562 803 672 845 inibi
696 804 791 846 sine
816 804 1098 847 mansoribus
1121 805 1239 847 aedes
1262 810 1535 863 repererunt,
1563 807 1609 849 in
1635 822 1771 850 unam

281 886 327 912 se
355 876 399 913 et
429 886 508 912 sua
538 871 855 928 impedimenta
893 872 1040 914 omnia
1074 873 1371 927 conferentes,
1413 875 1600 917 alteram
1632 875 1771 917 sacris

282 938 484 996 reliquiis
510 943 793 995 aptaverunt.
826 940 1115 998 Nequissimo
1137 941 1287 999 itaque
1313 943 1451 999 vulgo
1482 943 1524 984 in
1557 958 1636 985 sua
1667 959 1771 986 con-

282 1011 350 1048 tra
374 1007 551 1064 divinas
571 1022 642 1049 res
677 1007 922 1063 pertinacia
962 1009 1244 1065 perdurante,
1286 1010 1331 1051 in
1368 1011 1580 1063 crastino,
1625 1011 1772 1054 clerici

281 1090 385 1116 cum
427 1074 480 1116 ab
514 1075 591 1116 illo
626 1091 724 1117 rure
760 1075 1048 1133 migrassent,
1098 1092 1199 1119 ecce
1235 1078 1538 1120 tonitruorum
1575 1079 1772 1137 crepitus

279 1142 523 1184 terrificum
545 1158 567 1184 e
588 1142 783 1185 nubibus
803 1143 973 1185 fulmen
995 1145 1230 1201 expressit,
1252 1146 1372 1203 quod
1393 1146 1604 1189 decidens
1629 1146 1772 1204 burgo

282 1210 349 1252 illi
370 1210 512 1261 irruit,
538 1216 582 1253 et
608 1211 759 1253 omnia
785 1227 882 1269 quae
910 1211 955 1253 in
976 1212 1053 1254 illo
1080 1212 1254 1255 fuerant
1286 1213 1539 1256 habitacula
1571 1214 1616 1256 in
1642 1214 1772 1256 favil-

282 1279 372 1320 lam
393 1279 543 1321 vertit.
575 1279 647 1332 Et,
671 1295 696 1320 o
722 1279 804 1320 Dei
826 1280 937 1321 mira
959 1280 1168 1322 discretio
1191 1282 1199 1323 1
1227 1297 1328 1323 cum
1353 1281 1451 1324 duae
1478 1281 1596 1324 illaeb
1611 1282 1771 1325 domus

282 1346 497 1388 intersitae
521 1346 620 1389 aliis
644 1362 742 1405 quae
775 1347 991 1390 ardebant
1021 1354 1173 1391 essent
1208 1349 1432 1403 domibus,
1472 1349 1560 1391 illae
1596 1365 1770 1392 manse-

280 1418 383 1456 runt
398 1422 429 1467 ⁶,
455 1419 505 1456 ut
544 1415 665 1457 Deus
700 1415 884 1457 evidens
921 1415 1046 1458 daret
1078 1416 1295 1459 indicium
1320 1422 1502 1474 propter
1522 1415 1770 1461 irreveren-

280 1482 405 1536 tiam,
427 1498 563 1540 quam
585 1498 689 1539 erga
717 1483 799 1525 Dei
826 1483 1100 1526 Genitricem
1126 1485 1395 1538 habuerunt,
1432 1485 1551 1528 idem
1580 1486 1770 1528 miseros

279 1551 484 1593 homines
505 1566 663 1608 passos
690 1550 962 1594 incendium.
994 1552 1056 1594 At
1089 1553 1322 1610 presbyter
1349 1553 1595 1611 improbus,
1626 1553 1704 1613 qui
1723 1554 1770 1596 in

284 1617 502 1672 barbaris,
535 1634 649 1676 quos
677 1618 835 1661 docere
867 1619 1094 1671 debuerat,
1127 1621 1442 1664 crudelitatem
1465 1626 1664 1675 auxerat,
1681 1622 1770 1664 col-

283 1685 398 1729 lecta
425 1686 742 1744 suppellectili,
768 1702 902 1745 quam
923 1687 1103 1745 ignibus
1124 1688 1382 1731 coelestibus
1407 1705 1454 1731 se
1488 1690 1770 1747 praeripuisse

282 1754 521 1811 gaudebat,
546 1759 699 1797 utrum
723 1755 778 1796 ad
799 1755 993 1797 flumend
1006 1756 1173 1809 nescio,
1203 1772 1260 1798 an
1284 1757 1339 1798 ad
1359 1773 1480 1799 mare
1499 1758 1769 1800 transiturus

279 1823 536 1865 advexerat.
584 1822 682 1874 Quo
719 1823 764 1864 in
801 1823 898 1865 loco
935 1829 1094 1866 cuncta
1137 1840 1235 1881 quae
1269 1830 1557 1882 congesserat
1593 1831 1638 1868 et
1670 1841 1769 1884 quae

278 1894 574 1947 transponere
601 1891 843 1944 nitebatur,
871 1891 1115 1934 identidem
1145 1892 1331 1935 fulmine
1353 1898 1457 1935 sunt
1483 1898 1765 1951 consumpta.

281 1958 347 2000 Ita
365 1974 475 2014 gens
497 1958 686 2015 agrestis
713 1964 757 2001 et
784 1959 1079 2016 incomposita
1107 1960 1163 2002 ad
1188 1961 1270 2002 Dei
1293 1961 1611 2018 mysteriorum
1641 1961 1768 2004 intel-

281 2026 516 2082 ligentiam
541 2027 633 2068 suis
655 2027 888 2084 suppliciis
906 2033 974 2069 est
1000 2027 1170 2071 edocta.

339 2094 414 2135 Ad
438 2094 558 2136 aliud
579 2094 806 2151 quoddam
834 2096 1127 2153 municipium
1154 2102 1386 2150 venerant,
1416 2097 1462 2138 in
1483 2113 1570 2154 quo
1594 2113 1694 2140 cum
1713 2113 1768 2140 ex

282 2161 492 2219 opinione
505 2167 549 2204 et
569 2162 793 2204 evidentia
817 2163 1150 2217 miraculorum,
1172 2170 1295 2207 turne
1315 2165 1551 2222 multiplex
1571 2165 1627 2207 ad
1641 2181 1768 2208 sanc-

281 2233 351 2271 tas
373 2230 587 2287 reliquias
615 2229 809 2273 ferveret
829 2231 1012 2274 oblatio.
1043 2232 1265 2289 Anglicus
1285 2233 1466 2290 quidam
1497 2238 1599 2276 ante
1625 2233 1768 2276 eccle-

280 2297 392 2339 siam
419 2298 593 2355 positus
612 2298 725 2340 dixit
752 2299 807 2340 ad
833 2299 1003 2341 socium
1026 2313 1034 2344 :
1062 2318 1082 2339 «
1115 2301 1279 2342 Eamus
1297 2300 1505 2344 bibitum.
1532 2319 1552 2341 »
1574 2301 1637 2344 At
1662 2301 1764 2345 ille:

280 2382 300 2404 «
325 2365 428 2407 Non
459 2365 598 2408 habeo
626 2367 824 2422 precium
840 2367 872 2410 f.
905 2393 958 2399 —
983 2368 1094 2424 Ego,
1128 2368 1204 2421 ait,
1235 2368 1436 2412 inferam.
1461 2395 1519 2400 —
1542 2369 1765 2422 Quonam,

277 2433 442 2491 inquit,
464 2434 657 2491 reperies
673 2435 691 2472 ⁶?
712 2460 770 2466 —
797 2434 1057 2488 Considero,
1089 2436 1166 2490 ait,
1191 2437 1273 2478 hos
1299 2436 1501 2490 clericos,
1533 2437 1610 2494 qui
1645 2453 1767 2480 men-

320 2553 351 2575 a.
369 2544 561 2585 quemdam
579 2544 620 2575 D.
639 2562 680 2566 —
694 2544 727 2576 b.
752 2544 825 2575 izlae
842 2544 921 2576 duae
939 2546 981 2577 D.
1004 2564 1044 2568 —
1059 2556 1087 2577 c.
1112 2548 1317 2578 manserant
1334 2546 1377 2579 D.
1408 2565 1448 2569 —
1462 2547 1496 2578 d.
1518 2546 1658 2587 fulmen
1676 2547 1703 2578 B
1718 2546 1767 2588 (et

281 2584 338 2625 D).
351 2603 389 2608 —
408 2595 436 2616 e.
458 2585 556 2616 Corr.
573 2586 616 2616 de
635 2585 678 2617 D.
698 2595 778 2617 cum
792 2586 832 2617 B.
851 2604 891 2609 —
906 2586 935 2626 f.
950 2586 1110 2628 pretium
1124 2587 1167 2619 D.

323 2753 351 2782 1.
379 2752 607 2783 C'est-a-dire
620 2751 850 2794 pyrrhicum.
