1930 3224
306 256 362 305 16
715 271 814 307 VEN.
853 271 1046 307 GUIBERTI
1077 272 1183 308 vim
1215 273 1335 309 mnan
1367 275 1382 309 1

305 374 527 425 noctibus,
556 375 635 418 sed
658 376 740 418 sub
763 391 867 418 vere
889 391 940 418 ac
964 382 1135 431 aestate,
1182 378 1266 420 sub
1288 383 1507 421 autumno
1540 385 1584 423 et
1608 381 1784 438 hyeme,

305 443 629 486 mutationibus
663 459 743 486 nos
776 444 1025 487 oblectasse
1042 450 1309 503 temporum.
1341 447 1502 490 Videat
1533 463 1638 507 ergo
1667 449 1791 508 quis—

303 527 405 568 que,
450 511 522 554 cui
560 527 725 555 nomen
761 512 965 570 magistri
996 513 1248 566 ascribitur,
1301 515 1493 572 qualiter
1535 517 1792 560 moderetur

304 579 567 638 disciplinas
590 596 831 638 puerorum
849 596 899 623 ac
920 580 1156 638 juvenum,
1189 582 1289 640 quia
1318 598 1409 625 non
1441 583 1570 626 aliter
1594 585 1791 628 aestima-

304 652 378 690 tus
393 649 665 701 tractandos,
687 648 733 690 in
747 648 910 707 quibus
929 650 1128 707 gravitas
1147 650 1345 708 plenaria
1367 651 1489 709 viget
1508 651 1645 695 etiam
1665 668 1787 697 more

303 731 478 760 senum.

361 785 468 827 Erat
510 785 647 842 igitur
687 785 858 826 homini
902 785 969 827 illi
1003 801 1141 843 penes
1177 802 1247 829 me
1280 802 1426 829 saevus
1467 803 1606 842 amor,
1659 795 1789 831 nonss

301 852 510 896 nimietas
538 852 789 895 severitatis
807 853 851 894 in
875 853 1043 910 injusto
1066 854 1301 898 videbatur
1326 855 1534 910 verbere;
1559 855 1785 899 eminebat

299 927 448 964 tamen
472 922 611 964 totius
631 921 863 978 diligentia
885 921 1210 965 observationis
1237 923 1282 965 in
1309 939 1455 982 opere.
1481 924 1632 967 Minus
1655 925 1787 982 plane

299 990 432 1046 digne
455 989 738 1047 vapulabam,
778 990 882 1048 quia
921 990 959 1032 si
987 990 1081 1048 ipse
1112 991 1294 1034 haberet
1325 1006 1459 1049 quam
1496 991 1788 1050 profitebatur

298 1058 487 1100 docendi
528 1058 750 1115 peritiam,
805 1073 958 1100 eorum
1003 1058 1217 1116 profecto,
1260 1075 1358 1118 quae
1410 1064 1531 1102 recte
1579 1060 1782 1114 dixisset,

299 1127 465 1184 optime
486 1143 565 1184 pro
579 1131 723 1184 'puero
745 1142 883 1183 capax
898 1142 1034 1169 eram.
1053 1127 1141 1169 Sed
1155 1127 1258 1184 quia
1281 1128 1463 1170 minime
1480 1143 1536 1170 ex
1559 1128 1782 1172 sententia

298 1195 578 1253 loquebatur,
618 1199 662 1237 et
700 1195 784 1237 sibi
822 1195 1079 1237 nullatenus
1123 1195 1319 1256 patebat,
1370 1196 1490 1253 quod
1522 1211 1783 1254 expromere

296 1263 523 1305 nitebatur
559 1264 673 1305 circa
703 1263 856 1314 vilem,
894 1263 972 1305 sed
1001 1279 1091 1305 non
1125 1265 1345 1320 patulum,
1370 1264 1447 1322 qui
1473 1263 1625 1321 colligi
1648 1263 1703 1307 ab
1729 1279 1782 1307 eo

296 1347 385 1373 non
413 1336 601 1389 poterat,
632 1332 797 1373 nedum
831 1331 1039 1387 intelligi,
1076 1331 1240 1374 faceret
1272 1331 1441 1383 orbem,
1471 1331 1565 1388 ejus
1591 1331 1785 1375 inaniter

296 1399 445 1442 fabula
466 1400 744 1443 versabatur.
778 1400 918 1442 Rudis
945 1400 1064 1441 enim
1094 1400 1140 1441 in
1171 1405 1349 1442 tantum
1379 1398 1538 1454 fuerat,
1570 1405 1622 1443 ut
1659 1399 1780 1458 quod

296 1468 410 1510 male
429 1469 568 1510 semel
595 1468 705 1526 jam,
733 1472 783 1510 ut
808 1467 1054 1525 praelibavi,
1085 1468 1352 1524 grandaevus
1381 1468 1606 1522 hauserat,
1631 1468 1781 1511 incor-

295 1536 531 1593 rigibiliter
573 1536 798 1589 retineret,
835 1541 894 1588 et,
931 1536 967 1578 si
1003 1536 1110 1593 quid
1141 1536 1406 1593 improvide,
1441 1541 1492 1578 ut
1523 1536 1587 1579 sic
1616 1536 1778 1590 dicam,

295 1604 502 1657 hisceret,
545 1621 625 1646 sua
646 1604 801 1651 ,omnia
830 1619 957 1646 sensa
983 1603 1273 1646 authenticab
1300 1604 1545 1657 aestimans,
1584 1609 1782 1649 tueretur

294 1677 427 1730 atque
444 1673 702 1715 defenderet
717 1672 916 1730 plagis...
938 1679 967 1725 ⁰,
988 1672 1065 1714 sed
1078 1676 1212 1714 tantae
1229 1672 1383 1729 procul
1397 1672 1530 1714 dubio
1543 1672 1775 1725 vecordiae,

291 1745 340 1783 ut
363 1741 567 1794 arbitror,
598 1741 884 1798 pepercisset:
923 1740 1185 1797 priusquam
1207 1740 1341 1792 enim,
1370 1739 1433 1782 ait
1458 1740 1615 1782 doctor
1639 1739 1774 1792 idem,

293 1825 428 1866 quam
455 1809 687 1851 scientiam
712 1814 872 1851 natura
894 1808 1172 1859 combiberit,
1214 1823 1303 1849 non
1330 1807 1511 1864 majoris
1533 1813 1600 1850 est
1623 1807 1776 1865 gloriae

292 1878 461 1919 dixisse
487 1877 606 1934 quod
627 1877 820 1929 noveris,
851 1892 985 1933 quam
1015 1876 1205 1918 tacuisse
1230 1875 1350 1933 quod
1372 1875 1546 1918 nescias
1565 1875 1595 1918 ¹.

353 1945 468 1988 Cum
486 1946 592 1987 dure
619 1945 767 2001 itaque
795 1945 839 1986 in
861 1960 931 1986 me
952 1944 1256 1996 ulcisceretur,
1280 1944 1383 2001 quia
1410 1943 1530 2001 quod
1552 1942 1780 1986 nesciebat

292 2014 386 2071 ipse
422 2014 655 2062 nescirem,
693 2013 1057 2070 perpendendum
1097 2012 1179 2054 sibi
1220 2012 1349 2068 plane
1389 2017 1498 2065 erat,
1528 2011 1630 2068 quia
1672 2011 1778 2053 mali

291 2082 535 2139 plurimum
563 2082 719 2131 fuerat,
745 2097 844 2123 cum
879 2097 901 2123 a
936 2080 1082 2138 fragili
1120 2080 1318 2137 exigeret
1350 2079 1624 2137 pectusculo,
1656 2079 1776 2137 quod

291 2165 379 2191 non
404 2150 640 2192 indiderat.
659 2150 782 2192 Sicut
809 2149 927 2190 enim
960 2148 1093 2190 verba
1115 2148 1360 2190 amentium
1388 2147 1522 2189 etiam
1545 2162 1569 2189 a
1585 2147 1775 2189 sensatis

290 2218 441 2275 colligi
462 2223 538 2260 aut
572 2218 663 2270 vix,
694 2223 772 2259 aut
810 2217 933 2258 nullo
968 2216 1098 2258 modo
1119 2220 1325 2273 possunt,
1364 2215 1423 2257 ita
1452 2231 1605 2257 eorum
1637 2214 1770 2267 dicta,

291 2287 367 2343 qui
394 2286 600 2328 nesciunt
635 2291 678 2328 et
708 2286 820 2327 scire
845 2300 891 2327 se
927 2290 1147 2336 asserunt,
1175 2289 1218 2325 et
1250 2284 1349 2325 aliis
1375 2283 1666 2343 tradunt„ex
1696 2298 1774 2325 sua

286 2354 486 2411 ipsorum
513 2353 825 2410 explanatione
850 2353 1176 2395 tenebrescunt.
1223 2351 1380 2393 Nihild
1406 2351 1523 2393 enim
1548 2349 1774 2393 difficilius

288 2422 492 2464 invenias
517 2437 649 2479 quam
663 2422 699 2463 si
732 2422 841 2463 velis
866 2422 1081 2463 disserere
1097 2419 1350 2477 ipseequod
1370 2419 1557 2472 nescias,
1583 2418 1776 2461 dicentis

289 2490 469 2548 quidem
517 2489 771 2540 obscurum,
821 2489 1055 2530 obscurius
1103 2487 1315 2540 audienti,
1360 2502 1449 2529 non
1488 2501 1616 2529 secus
1648 2501 1699 2528 ac
1737 2486 1775 2528 si

287 2558 481 2615 lapidem
507 2563 692 2614 uterque
718 2557 924 2599 reddatff.
952 2558 1046 2598 Hoc
1075 2556 1189 2607 dico,
1226 2556 1346 2597 Deus
1371 2570 1513 2608 meus,
1541 2570 1630 2596 non
1654 2553 1773 2612 quod

330 2679 362 2701 a.
381 2670 480 2700 Corr.
517 2670 558 2700 (lc
576 2670 621 2700 D.
646 2679 726 2700 nam
747 2669 784 2700 B.
816 2686 856 2690 —
875 2669 910 2700 b.
927 2668 1106 2699 autentica
1126 2668 1164 2699 B.
1186 2685 1226 2689 —
1244 2678 1271 2698 c.
1293 2667 1446 2697 Lacune.
1466 2684 1508 2689 —
1543 2666 1577 2697 d.
1599 2665 1651 2696 nil
1665 2665 1709 2697 D.
1732 2683 1772 2688 -

286 2721 315 2742 e.
333 2721 485 2751 manque
505 2711 592 2742 D.—-
604 2710 631 2751 f.
650 2710 802 2741 discenti
819 2710 862 2741 D.
881 2728 921 2732 —-
937 2719 973 2751 9.
993 2710 1093 2740 Corr.
1114 2710 1156 2740 de
1176 2709 1219 2739 D.
1240 2707 1339 2739 redat
1363 2707 1563 2748 exponetue
1578 2707 1617 2738 B.

326 2833 355 2862 1.
381 2831 535 2862 Guibert
549 2831 613 2862 fait
626 2830 777 2862 allusion
795 2830 814 2861 a
842 2840 889 2860 un
906 2839 1055 2870 passage
1072 2829 1133 2870 qui
1160 2839 1311 2870 manque
1328 2831 1528 2870 provenant
1545 2827 1627 2859 d'un
1642 2830 1769 2860 auteur

286 2873 433 2914 designe
449 2882 513 2914 par
523 2873 555 2904 le
570 2875 645 2904 mot
656 2872 795 2904 doctor.
