1930 3224
577 271 693 309 VEN.⁸
712 279 906 309 GUIBERTI
937 280 1044 310 vrrAE
1074 280 1198 309 LIBER
1230 280 1243 308 1
1603 265 1657 308 67

167 379 375 439 tinguere
400 379 585 434 docens,
617 380 702 423 sub
733 380 912 434 affectu,
949 379 1033 423 sub
1068 380 1320 432 voluntate,
1355 379 1440 422 sub
1466 380 1655 434 ratione,

161 447 248 493 sub
270 447 535 492 intellectu¹
563 448 832 492 commercia
859 449 1000 492 totius
1027 448 1193 492 interni
1216 447 1421 506 mysterii
1447 452 1655 502 tractare,

161 520 207 561 et
222 525 325 576 qu'ae
339 524 358 544 ⁸
369 532 459 560 una
478 532 504 561 a
524 516 751 576 plerisque
769 516 789 544 b
804 522 848 560 et
859 522 893 560 a'
904 533 976 560 me
990 518 1088 575 ipso
1102 517 1379 576 putabantur
1392 516 1528 560 certis
1545 516 1658 559 divi-

159 584 364 630 sion-ibus
395 586 609 639 resoluta,
649 601 740 629 non
779 586 899 628 idem
934 587 1024 629 duo
1056 587 1202 644 prima
1234 585 1327 629 fore
1357 585 1656 638 monstrabat,

151 669 263 713 ‚quae
288 658 443 699 tamen
461 654 780 699 accedentibus
810 659 969 713 quarto
996 654 1070 698 vel
1099 655 1234 698 tertio
1258 655 1416 698 eadem
1433 670 1539 697 mox
1559 669 1658 697 esse

150 723 382 782 ,promptis
406 722 735 768 assertionibus
755 728 950 767 constat.
979 723 1122 782 Super
1136 740 1225 783 quo
1246 739 1382 767 sensu
1409 739 1513 766 cum
1535 739 1658 782 quae-

152 791 266 836 dam
297 791 560 850 evangelica
591 792 790 851 capitula
819 792 932 835 mihi
979 792 1288 846 disseruisset,
1323 808 1424 835 cum
1459 792 1658 851 primum

158 854 344 920 quidem
381 860 490 920 quid
528 861 645 904 inter
676 861 792 904 velle
818 866 863 904 et
895 861 1013 905 affici
1058 861 1262 915 distaret,
1298 861 1658 904 luculentissime

155 929 425 988 aperuisset,
474 945 575 989 quae
615 922 769 973 tamen
810 946 901 973 non
948 946 1004 973 ex
1055 946 1119 984 se,
1164 930 1243 973 sed
1287 946 1342 973 ex
1386 929 1658 988 quibusdam

147 997 387 1057 -contiguis
435 998 763 1054 voluminibus,
823 1004 870 1042 at
923 999 1074 1042 minus
1109 1003 1316 1058 patenter
1350 999 1531 1057 quidem
1571 998 1659 1041 ista

150 1067 459 1123 -tractantibus
493 1083 598 1111 eum
634 1068 848 1111 habuisse
876 1072 1119 1123 constaret,
1149 1067 1265 1126 coepi
1297 1067 1589 1126 postmodum
1612 1072 1656 1110 et

159 1150 244 1194 ego
267 1135 366 1195 ejus
388 1151 520 1180 sensa
538 1137 824 1190 commentis,
853 1142 987 1196 prout
1013 1142 1234 1196 poteram,
1264 1135 1490 1179 similibus
1512 1152 1653 1179 aemu-

157 1204 258 1259 lari,
285 1209 330 1248 et
358 1204 526 1264 ubique
565 1205 916 1264 Scripturarum,
947 1205 985 1248 si
1011 1205 1122 1265 quid
1156 1204 1256 1248 istis
1291 1205 1523 1248 moraliter
1548 1204 1657 1247 arri-

107 1266 112 1271 ’
148 1273 285 1318 deret
305 1273 532 1326 sensibus,
561 1274 704 1318 multa
730 1274 870 1318 animi
890 1274 1133 1318 acrimonia
1154 1273 1441 1332 perscrutari.

169 1374 171 1378 -
217 1342 350 1388 Unde
371 1342 544 1387 factum
570 1348 656 1397 est,
691 1348 758 1397 ut,
784 1359 888 1386 cum
914 1343 1110 1402 quodam
1138 1342 1300 1390 abbate
1324 1358 1423 1385 meo
1442 1343 1458 1371 2
1484 1341 1541 1384 ad
1572 1341 1656 1384 ali-

100 1427 102 1429 ’
157 1410 280 1470 quod
302 1411 549 1471 provinciae
581 1416 747 1455 nostrae
770 1412 1027 1455 coenobium
1057 1411 1333 1467 devenirem,
1364 1426 1558 1469 cumque
1591 1411 1658 1453 illi

156 1484 375 1539 tanquam
384 1480 592 1540 plurimae
606 1480 839 1539 religionis
854 1481 951 1524 viro
966 1489 1272 1539 suggererem,
1286 1485 1353 1533 ut,
1372 1480 1428 1523 ad
1443 1479 1658 1538 capitula-

158 1559 255 1592 rem
271 1554 548 1593 conventum
573 1549 777 1606 veniens,
799 1549 912 1592 inibi
945 1565 1202 1593 sermonem
1222 1549 1403 1603 faceret,
1435 1564 1485 1591 ea
1513 1564 1612 1606 quae
1633 1564 1656 1590 a

156 1633 206 1663 se
224 1617 498 1676 petebantur
523 1618 570 1661 in
594 1634 666 1662 me
686 1618 947 1672 transfudit,
976 1624 1036 1672 et,
1066 1624 1114 1661 ut
1135 1619 1257 1661 vices
1285 1633 1420 1677 super
1446 1618 1532 1660 isto
1561 1617 1657 1675 ejus

157 1702 418 1746 exequerer,
442 1688 648 1731 exoravit
667 1693 711 1732 et
723 1687 877 1746 jussit.
902 1688 985 1730 Die
1012 1693 1165 1731 autem
1192 1687 1346 1730 Mariae
1374 1686 1656 1744 Magdalenae

157 1755 322 1801 natalis
353 1756 605 1800 celebratur
627 1757 787 1800 eodem
805 1757 836 1798 3.
877 1757 1127 1815 Eapropter
1149 1756 1203 1799 de
1239 1756 1356 1798 libro
1381 1747 1623 1813 Sapientiae
1638 1754 1653 1784 4

156 1824 360 1870 adhibita
402 1826 625 1868 sermonis
669 1825 857 1869 materia
894 1826 990 1868 solo
1026 1825 1105 1868 illo
1143 1825 1276 1868 unico
1309 1824 1446 1867 verbo
1478 1824 1546 1867 illi
1579 1823 1656 1882 qui

154 1893 396 1952 petebatur
426 1895 640 1938 tractatui
679 1899 950 1938 contentusc
972 1894 1035 1937 fui
1060 1911 1068 1936 z
1107 1913 1126 1935 «
1157 1894 1402 1952 Sapientia,
1425 1893 1653 1946 videlicet,

155 1962 299 2006 vincit
321 1963 559 2018 malitiam,
586 1963 774 2022 attingit
798 1979 822 2006 a
856 1964 945 2007 fine
970 1979 1114 2022 usque
1143 1963 1199 2006 ad
1225 1963 1362 2005 finem
1389 1962 1578 2014 fortiter,
1613 1966 1658 2004 et

155 2031 357 2092 disponit
376 2031 527 2076 omnia
545 2033 758 2076 suaviter.
788 2051 808 2072 »
832 2024 929 2075 Hoc
953 2048 1057 2075 cum
1084 2048 1171 2090 qua
1199 2036 1432 2091 potueram
1456 2030 1656 2073 oratione

122 2156 126 2162 ⁵
155 2101 488 2160 explanassem,
518 2106 563 2145 et
585 2101 696 2159 ipsis
719 2101 1003 2144 auditoribus
1027 2117 1106 2160 pro
1134 2101 1359 2143 dictorum
1382 2099 1658 2143 eorundemd

156 2170 473 2214 convenientia
513 2170 804 2230 placuissem,
844 2170 966 2229 prior
995 2170 1196 2213 ecclesiae
1232 2169 1391 2227 ipsius,
1423 2169 1657 2211 literarum

144 2253 386 2282 >sacrarum
424 2254 516 2282 non
546 2239 788 2282 minimum
823 2255 903 2297 pro
941 2239 1139 2282 scientiae
1172 2238 1374 2297 potentia
1407 2237 1654 2289 studiosus,

155 2300 438 2351 familiariter
456 2324 480 2351 a
503 2324 574 2351 me
595 2308 760 2367 exegit,
793 2313 845 2351 ut
870 2308 917 2350 id
944 2307 1030 2350 sibi
1057 2307 1317 2360 scriberem,
1337 2307 1383 2349 in
1407 2323 1495 2365 quo
1516 2310 1656 2349 mate-

155 2475 179 2507 ἀ
202 2443 234 2467 a.
248 2443 324 2507 gae,
341 2433 386 2466 D.
403 2453 443 2457 —
457 2433 491 2466 b.
506 2433 706 2476 pla’risque
721 2434 761 2465 B.
786 2452 828 2457 —
845 2444 874 2464 ε.
892 2433 992 2466 Corr.
1006 2434 1050 2465 dc
1069 2433 1113 2465 D.
1129 2434 1326 2465 concentus
1342 2433 1379 2464 B.
1397 2451 1438 2455 —
1455 2433 1489 2464 d.
1512 2441 1655 2463 eorum-

181 2485 237 2507 em
286 2501 294 2508 .

195 2641 225 2670 1.
251 2638 516 2686 Terminologie
534 2641 706 2686 courantc
724 2638 768 2686 dc
790 2638 822 2669 la
841 2637 1069 2687 philosophie
1084 2637 1304 2685 scolastiquc
1321 2638 1358 2679 ct
1384 2646 1427 2668 cn
1444 2636 1655 2685 particulior

155 2683 349 2731 mysthue.
368 2681 540 2712 Anselme
558 2682 761 2722 enseignait
774 2680 793 2711 a
805 2680 961 2711 Guibert
976 2681 986 2711 1
999 2679 1150 2716 identlte
1166 2679 1373 2711 essentiellc
1386 2679 1449 2710 des
1466 2678 1654 2710 methodos

152 2722 310 2796 cing-3311)
320 2732 540 2796 ugsdarnier.
562 2764 589 2795 Il
607 2763 852 2795 demissionna
870 2774 912 2795 en
938 2765 1017 2795 1084
1036 2762 1142 2804 (Gall.
1160 2762 1309 2801 Christ.,
1328 2764 1351 2793 t.
1369 2762 1429 2802 lx,
1443 2762 1511 2792 col.
1527 2761 1610 2801 790).

198 2808 228 2837 3.
254 2805 488 2838 C'est-a-dire
511 2807 544 2838 le
562 2810 599 2837 22
614 2806 745 2847 juillet.

197 2849 227 2879 4.
252 2847 305 2879 Cf.
324 2847 402 2880 Lib.
415 2847 631 2890 Sapientiae,
648 2847 746 2887 VIII,
763 2851 792 2880 1.
