1930 3224
610 230 708 259 VEN.
745 228 936 259 Gmnfflm
972 231 1080 259 vlu:
1111 231 1233 259 [ABER
1268 232 1294 258 ιι
1603 219 1684 260 ’115

191 328 351 374 doetus
376 327 406 381 ¹,
446 346 466 368 »
517 347 538 369 «
579 328 726 372 fidelis
748 347 790 370 .»
824 330 960 372 etiam
1009 330 1054 371 in
1094 330 1308 387 mysteria
1357 333 1682 383 conservando,

191 414 213 438 α
239 397 438 456 prudens
464 416 485 437 »
511 397 558 440 in
591 398 831 456 erogando,
871 399 1043 441 censeri
1072 416 1092 439 «
1124 415 1281 442 servus
1309 418 1328 439 »
1360 415 1451 442 non
1478 405 1629 458 potest
1651 403 1682 444 2.

191 465 250 509 Et
270 466 497 525 quomodo
518 466 672 525 praesit
697 467 914 520 ecclesiae,
933 468 1009 525 qui
1030 468 1176 510 nescit
1196 468 1466 511 ecclesiam?
1496 470 1687 513 Domes-

189 534 306 579 tinus
326 545 433 593 ergo
458 535 532 579 sit.
559 535 679 588 Quid
705 535 750 577 in
774 535 1048 578 vestimento
1083 536 1171 579 nisi
1203 537 1392 595 pulchra
1419 537 1688 596 intelligitur

192 603 469 648 exteriorum
500 619 687 662 operum
735 603 951 647 habitudo
974 607 994 648 ‘2
1026 605 1242 664 Princeps
1273 621 1379 664 ergo
1416 612 1600 664 rogatur
1637 612 1689 650 ut

193 672 253 715 sit
287 672 366 731 qui
403 672 730 716 vestimentum
766 673 916 726 habet,
956 674 1058 732 quia
1096 674 1251 716 crebro
1294 675 1531 734 contingit,
1563 681 1615 719 ut
1649 677 1688 718 is

193 746 433 800 expetatur
457 742 514 785 ad
537 741 754 798 regimen,
779 742 855 800 qui
878 742 924 785 in
949 742 1144 795 incessu,
1179 743 1318 786 verbo
1349 749 1392 787 et
1418 749 1523 786 actu
1551 745 1688 787 casti-

192 809 413 868 gatiorem
437 826 484 855 se
513 810 711 854 exhibet.
738 810 886 853 Ruina
906 817 1057 854 autem
1085 811 1168 854 sub
1193 812 1290 869 ejus
1317 828 1453 855 manu
1481 813 1689 870 prohibe-

191 882 267 922 tur
294 894 410 932 esse,
445 879 548 938 quia
581 879 801 938 quidquid
834 879 1093 922 detrimenti
1123 881 1168 922 in
1201 880 1417 939 subjectis
1451 882 1684 940 reperitur,

192 947 250 990 ad
292 947 585 1007 *praesidentis
648 948 934 991 ratiocinium
991 949 1226 1006 pervenire
1278 950 1542 1003 dinoscitur,
1598 951 1689 993 acsi

191 1015 386 1061 diceret:
416 1035 437 1057 «
467 1018 534 1060 Tu
562 1022 607 1059 te
637 1016 750 1060 bene
777 1018 834 1060 ad
867 1018 1048 1061 oculum
1085 1018 1251 1061 videris
1288 1018 1466 1071 habere,
1506 1019 1689 1062 attende

190 1089 342 1129 tamen
370 1101 458 1144 qua
487 1086 735 1128 introrsum
768 1086 935 1129 virtute
962 1087 1256 1145 praeemineas
1276 1095 1318 1139 ‘'¹;
1362 1088 1509 1130 sciens
1532 1088 1689 1146 utique

188 1154 314 1212 quod
352 1154 556 1198 omnium
591 1160 636 1198 te
673 1159 879 1213 oporteat
912 1155 1134 1198 sustinere
1171 1156 1338 1208 ruinas,
1379 1156 1482 1199 inde
1518 1157 1691 1200 cautior

190 1222 393 1266 redditus
416 1222 578 1268 infert;
607 1242 627 1263 «
657 1224 760 1266 Non
776 1240 892 1276 sum,
921 1224 1085 1282 inquit,
1104 1224 1321 1278 medicus,
1347 1230 1396 1267 ut
1418 1230 1484 1268 tot
1508 1226 1690 1268 obviare

191 1290 370 1334 valeam
414 1292 556 1335 ruinis
604 1292 864 1335 morborum
903 1293 1310 1336 crebrescentibus.
1355 1294 1690 1337 Vestimentum

191 1361 389 1404 exterius
409 1361 628 1419 aspicitis,
665 1362 787 1420 quod
824 1366 974 1404 tamen
1005 1362 1051 1404 in
1078 1362 1211 1404 domo
1245 1378 1334 1404 non
1359 1367 1443 1415 est,
1468 1363 1573 1421 quia
1601 1379 1690 1405 non

193 1428 315 1472 idem
331 1429 470 1472 animi
491 1430 672 1473 habitus
699 1430 777 1488 qui
795 1430 994 1488 corporis
1018 1435 1102 1474 est.
1132 1449 1152 1470 »
1176 1431 1306 1475 Unde
1328 1436 1373 1474 et
1400 1431 1625 1474 medicum
1644 1448 1690 1474 se

194 1513 286 1541 non
306 1513 405 1541 esse
430 1497 612 1550 fatetur,
635 1498 769 1557 quial)
784 1515 839 1541 ex
860 1499 1092 1542 acuminec
1113 1499 1396 1542 discretionis
1417 1500 1599 1543 difficile
1623 1507 1691 1544 est

194 1571 431 1624 penetrare
459 1567 655 1625 origines
676 1572 722 1610 et
747 1568 895 1610 exitus
919 1568 1161 1625 cujuslibet
1176 1568 1275 1610 vitii
1299 1585 1349 1610 ac
1364 1568 1385 1594 ‘¹
1407 1569 1604 1612 virtutis.
1634 1570 1691 1613 Et

192 1635 278 1679 hoc
309 1636 458 1695 potuit
485 1637 747 1694 contingere
784 1652 838 1679 ex
865 1636 1112 1694 indigentia
1146 1636 1259 1694 ejus,
1290 1638 1395 1695 quia
1422 1654 1513 1680 non
1544 1643 1612 1681 est
1644 1639 1690 1681 in

193 1704 326 1766 domo
355 1705 487 1763 panis
522 1705 647 1748 illius
680 1705 758 1764 qui
790 1721 815 1747 a
850 1706 945 1748 Deo
982 1705 1115 1748 hodie
1141 1706 1311 1764 petitur
1348 1707 1640 1764 quotidianus
1655 1708 1686 1760 3,

193 1773 462 1818 confortatio
485 1774 695 1817 videlicet
721 1775 834 1831 ejus,
854 1790 952 1832 quae
984 1774 1276 1833 spiritualiter
1296 1775 1548 1818 infunditur
1574 1776 1690 1818 divi-

191 1857 260 1885 nae
287 1842 559 1896 refectionis,
584 1849 661 1886 aut
684 1843 842 1901 ipsius,
874 1844 970 1886 sine
998 1859 1083 1901 qua
1106 1843 1220 1886 bene
1248 1859 1471 1902 nusquam
1499 1845 1687 1902 regitur,

190 1911 474 1955 confirmatio
501 1912 547 1954 in
571 1912 774 1955 interiori
793 1912 976 1955 homine
997 1912 1247 1956 charitatis
1290 1913 1506 1972 Princeps
1539 1914 1692 1972 itaque

191 1980 289 2024 fieri
311 1980 441 2039 juree
467 1986 660 2035 recusat,
701 1981 772 2023 cui
798 1981 844 2023 id
870 1981 1035 2023 virium
1058 1981 1237 2024 animus
1261 1998 1454 2039 superne
1489 1982 1693 2026 imbutus

193 2049 381 2099 minime
398 2050 728 2093 subministrat.
749 2069 769 2090 «
788 2050 1074 2093 Hierusalem
1092 2051 1213 2092 enim
1230 2051 1361 2109 quiaf
1375 2051 1480 2104 ruit,
1507 2051 1586 2094 »id
1603 2056 1689 2103 est,

193 2119 298 2178 quia
330 2118 519 2162 internae
558 2119 832 2177 experientia
859 2119 981 2177 pacis
1015 2120 1220 2176 deperiit,
1261 2124 1305 2162 et
1337 2120 1474 2163 etiam
1509 2139 1528 2160 «
1555 2121 1692 2163 Judas

193 2188 403 2241 concidit,
435 2206 455 2228 »
490 2188 535 2230 id
574 2193 659 2240 est,
690 2188 785 2246 ipsa
811 2192 1099 2245 peccatorum
1129 2188 1367 2243 confessio,
1401 2190 1521 2248 quod
1546 2196 1691 2233 extre-

194 2272 320 2300 mum
338 2256 562 2300 malorum
580 2257 782 2299 omnium
807 2262 891 2310 est,
921 2262 1025 2314 post
1051 2257 1343 2300 amissionem
1370 2258 1539 2301 intimae
1567 2264 1692 2301 tran-

231 2348 264 2403 ai
278 2370 499 2412 praemineas
516 2370 543 2401 B
566 2371 616 2411 (et
634 2370 691 2409 D).
707 2388 747 2392 ——
771 2369 805 2401 b.
835 2380 989 2410 manque
1008 2369 1051 2401 D.
1071 2389 1112 2392 —
1129 2380 1158 2402 c.
1179 2370 1275 2402 enim
1292 2371 1414 2412 ajout&
1432 2371 1476 2403 D.
1489 2390 1531 2394 —-
1547 2372 1580 2404 d.
1596 2373 1630 2404 et
1647 2372 1690 2404 D.

189 2430 230 2436 -
244 2421 275 2444 e.
287 2412 376 2455 jure
391 2412 482 2453 fieri
498 2412 541 2444 D.
558 2430 597 2435 —
609 2411 636 2452 f.
656 2422 810 2452 manque
826 2412 870 2443 D.

231 2515 261 2571 12
285 2537 427 2576 Matth.‚
443 2537 542 2577 xm,
563 2539 599 2567 52
620 2546 627 2567 ε
648 2549 661 2563 «
682 2536 744 2567 Ait
762 2535 832 2567 illis
852 2545 859 2566 ε
878 2535 960 2566 ideo
984 2535 1102 2566 omnis
1129 2535 1248 2567 scriba
1269 2536 1397 2567 doctus
1422 2537 1457 2567 in
1483 2548 1592 2577 regno
1610 2548 1693 2569 coe—

191 2581 319 2619 lorum,
335 2579 462 2612 similis
480 2581 536 2610 est
557 2578 694 2609 homini
718 2577 991 2619 paterfamilias,
1016 2577 1078 2618 qui
1100 2578 1239 2618 profert
1260 2579 1304 2610 de
1323 2579 1492 2610 thesauro
1511 2590 1576 2610 suo
1600 2590 1693 2611 nova

191 2625 430 2703 etgeffgass'
450 2662 581 2703 XXIV¹
599 2664 638 2692 45
656 2672 662 2693 :
681 2675 694 2689 «
712 2661 811 2698 Quis,
831 2663 950 2702 putas,
976 2663 1031 2692 est
1054 2661 1168 2692 fidelis
1187 2671 1324 2699 servus,
1344 2664 1380 2693 et
1402 2663 1572 2703 prudens,
1587 2673 1693 2703 quem

193 2701 386 2739 constituit
408 2702 576 2737 don'iinus
603 2714 689 2735 suus
715 2713 823 2744 super
845 2702 1017 2735 familiam
1038 2713 1150 2742 suam,
1171 2706 1211 2735 ut
1234 2704 1296 2735 det
1316 2703 1386 2735 illis
1405 2704 1525 2735 cibum
1543 2705 1577 2735 in
1598 2708 1691 2736 tem-

285 2773 293 2780 ,
305 2761 320 2777 Ι)

193 2758 281 2822 pege
291 2790 389 2828 Luc.‚
406 2789 468 2828 XI,
489 2793 506 2820 3
520 2798 527 2820 ;
543 2802 558 2818 α
575 2788 708 2819 Panem
726 2789 891 2818 nostrum
910 2786 1162 2827 quotidianum
1184 2787 1229 2817 da
1247 2787 1352 2818 nobis
1370 2787 1488 2819 hodie.
1511 2802 1525 2815 ι»
