1930 3224
321 246 406 288 228
718 263 815 292 VEN.
853 263 1043 292 Gunffluri
1078 263 1181 291 vnum
1213 263 1331 291 Lmen
1366 263 1411 291 111

314 364 460 414 perte,
493 374 569 400 nec
588 361 807 415 effuqium
825 361 999 416 uspiam
1015 360 1254 416 reperiens,
1270 361 1328 402 ad
1348 360 1552 414 latrinas,
1567 361 1699 418 quasi
1714 361 1803 404 alvi

321 442 423 468 eum
438 428 618 482 pondus
649 434 843 483 urqeret,
880 443 923 470 se
959 429 1165 470 eontulit.
1203 427 1388 470 Abbone
1417 428 1570 485 itaque
1601 442 1805 485 superve-

323 495 483 547 niente,
509 495 776 551 requiritur,
800 496 876 537 sed
903 511 1128 552 nusquam
1146 510 1336 551 persona
1364 502 1555 551 reperta,
1587 496 1681 538 sola
1703 497 1803 553 ejvs

319 563 494 604 cuculla
517 578 628 604 unco
645 578 836 618 appensa
864 564 1104 618 reperitur,
1128 564 1236 619 quia
1254 564 1336 606 soli
1355 578 1480 605 sacro
1497 564 1688 618 habitui,
1713 564 1804 607 dis-

314 631 495 686 perdito
520 630 613 683 illo,
641 632 885 672 reverentia
913 631 1174 673 debehatur.
1360 639 1362 642 ’

387 698 487 739 Vidi
507 704 548 740 et
578 698 805 740 Veranum
827 699 976 740 virum
999 699 1209 751 nobilem,
1235 706 1476 756 coqnatum
1498 714 1663 749 meum,
1695 714 1802 742 cum

319 766 453 807 etiam
480 767 543 807 vis
576 767 698 821 reqia
731 767 1028 821 adniteretur,
1058 768 1195 809 tantis
1236 767 1420 823 injuriis
1445 783 1494 809 ac
1522 767 1804 823 vilipensioni

319 835 564 887 addietum,
591 840 638 875 ut
660 835 716 875 ab
737 835 917 876 abbatia
942 834 950 862 ¹
977 835 1096 876 ultro
1125 841 1436 890 eat-poneretur.
1466 835 1522 876 In
1545 849 1615 877 eos
1635 840 1800 897 autem,

319 903 400 957 qui
414 909 699 957 praesumunt
713 903 856 957 primi
884 903 1091 955 erimina,
1109 903 1294 958 yravius
1322 903 1495 945 ulscisei
1521 903 1632 945 solet
1664 903 1799 945 Deus.

319 970 539 1011 Audiviet
556 976 658 1011 ante
675 971 850 1026 aliquot
878 985 1033 1022 annos,
1058 986 1159 1012 eum
1174 971 1431 1026 plurimum
1451 986 1476 1012 a
1497 970 1655 1026 reyula
1677 985 1804 1012 eccer-

319 1044 474 1079 rarent
517 1036 655 1079 iidem*
693 1039 730 1078 F
735 1038 1011 1087 toriacenses,
1055 1039 1187 1094 foedis
1233 1039 1542 1080 beatissimum
1587 1044 1767 1094 patrem
1786 1037 1803 1066 ‘2

313 1106 470 1161 plures
496 1106 695 1161 ipsorum
715 1107 935 1148 mortibus
958 1107 1179 1148 addixisse
1194 1115 1226 1149 ἃ.

890 1298 1106 1354 [CAPUT
1140 1299 1238 1356 xx]

377 1445 512 1502 Apud
550 1445 725 1502 Anglos
766 1445 1053 1487 beatissimus
1106 1451 1277 1502 martyr
1330 1445 1622 1487 Eadmundus
1667 1460 1746 1488 rex
1767 1446 1799 1499 3,

319 1513 434 1554 sieut
457 1513 685 1570 quondam
717 1518 760 1555 et
794 1529 911 1555 nune
932 1529 1108 1570 quoque
1139 1514 1421 1570 prodigiosus
1448 1513 1615 1557 existit.
1662 1514 1803 1556 Taceo

318 1581 372 1622 de
405 1580 500 1637 ejus
537 1596 718 1638 corpore
750 1581 993 1638 pigmentis
1023 1596 1113 1622 non
1148 1581 1397 1634 hominum,
1436 1581 1516 1623 sed
1545 1579 1803 1623 coelestibus

318 1649 535 1691 haetenus
562 1649 833 1706 incorrupto,
854 1649 899 1690 in
923 1665 1009 1706 quo
1040 1649 1130 1690 acsi
1159 1649 1353 1691 viventis
1386 1649 1604 1706 unguium
1636 1664 1687 1692 ac
1721 1649 1803 1691 eri-

319 1716 442 1758 nium
468 1722 752 1759 excrementa
771 1717 986 1758 miramur
1005 1716 1033 1758 4.
1057 1716 1146 1759 Sed
1172 1717 1283 1758 illud
1309 1717 1453 1759 dicere
1479 1722 1562 1769 est,
1602 1717 1723 1775 quod
1756 1717 1802 1759 in

359 1848 390 1868 a.
415 1838 480 1868 Les
501 1838 591 1868 trois
612 1837 824 1877 pre'ce'5denls
842 1837 1082 1878 peragi-aphes
1101 1840 1296 1878 maliquent
1314 1838 1357 1868 D.
1376 1837 1427 1869 Ff.
1452 1841 1510 1868 106
1530 1839 1567 1869 et
1585 1844 1621 1868 v⁰
1640 1838 1678 1869 Β.

363 1997 388 2026 l.
416 1995 461 2025 Le
489 1995 555 2026 fait
582 1995 727 2025 rae-onte
754 1995 797 2025 ici
828 2005 893 2035 par
916 1995 1068 2026 Guibert
1094 1997 1148 2026 est
1178 1997 1259 2036 trop
1288 2005 1402 2035 vague
1429 2005 1520 2036 pour
1548 1994 1653 2036 qu'on
1680 1994 1801 2035 puisse

318 2035 531 2067 l’identifier.
549 2035 751 2075 S'agirait-il
769 2037 850 2066 d'un
866 2036 957 2067 abbe
974 2037 1016 2067 de
1030 2036 1172 2077 Fleury,
1188 2037 1454 2068 efl'eetivement
1465 2036 1606 2068 nomme
1623 2036 1799 2074 Veranus,

318 2078 352 2109 et
379 2078 439 2117 qui
460 2078 515 2108 sut
538 2077 594 2108 &lu
624 2088 667 2108 eu
695 2079 800 2108 1080?
827 2077 934 2118 (Gall.
963 2077 1109 2116 Christ„
1138 2080 1163 2109 t.
1185 2078 1280 2116 Vlll,
1299 2079 1366 2109 col.
1399 2078 1503 2118 1554).

359 2122 388 2149 2.
414 2119 601 2150 L'histoire
620 2119 663 2149 de
681 2118 897 2150 l‘assassinai
909 2119 1075 2149 d'Abbon
1091 2129 1155 2159 par
1169 2120 1220 2150 les
1236 2120 1372 2150 moines
1389 2119 1546 2150 revoltes
1557 2119 1600 2150 de
1616 2118 1663 2150 La
1679 2118 1799 2157 Reole„

318 2160 350 2191 le
372 2163 409 2191 13
426 2160 620 2191 novembre
643 2163 729 2198 1004,
749 2171 768 2191 a
792 2159 847 2191 ete
872 2160 1038 2191 racontee
1060 2170 1130 2190 non
1157 2161 1355 2192 seulement
1371 2171 1439 2212 par
1457 2161 1600 2191 Aimoin
1625 2159 1706 2201 (loc.
1725 2159 1799 2197 cit„

318 2202 382 2232 col.
405 2202 569 2242 412-413),
598 2202 686 2231 mais
712 2211 775 2241 par
797 2202 848 2232 les
876 2202 1011 2232 moines
1030 2202 1072 2232 de
1092 2202 1222 2242 Fleury
1245 2202 1333 2233 dans
1357 2201 1542 2243 lEpistola
1558 2201 1741 2242 encyclica
1758 2200 1801 2232 de

317 2243 412 2274 coede
424 2242 585 2274 Abbonis
601 2242 744 2273 abbatis
762 2242 858 2282 (pub.
880 2253 944 2283 par
959 2243 1096 2281 Baluze,
1116 2243 1276 2281 Miscett„
1297 2246 1320 2275 t.
1337 2243 1380 2282 11,
1398 2253 1432 2284 p,
1450 2245 1520 2283 114,
1539 2245 1575 2274 et
1597 2243 1635 2274 L.
1652 2242 1799 2281 Delisle,

318 2284 506 2315 Rouleauae
523 2284 583 2315 des
599 2285 722 2322 moris,
744 2284 852 2321 Paris,
871 2287 962 2319 1866,
981 2285 1077 2322 in-80,
1096 2295 1131 2324 p.
1151 2286 1269 2325 35-36).

359 2329 388 2356 3.
414 2326 577 2356 Edmond
602 2326 655 2356 fut
678 2326 731 2356 roi
754 2325 1008 2365 d'Est-Anglie,
1033 2326 1137 2365 apres
1161 2326 1250 2362 Ost‘a,
1269 2336 1311 2356 en
1336 2329 1407 2357 855.
1433 2326 1462 2356 ll
1482 2326 1572 2357 lutta
1593 2327 1718 2356 contre
1750 2324 1801 2356 les

318 2367 570 2398 envahisseurs
589 2367 713 2397 danois
741 2369 775 2397 et
804 2366 856 2397 fut
875 2367 948 2407 pris
967 2377 1030 2408 pai·
1047 2377 1114 2397 eux
1138 2377 1181 2397 en
1203 2370 1279 2406 8703
1304 2369 1412 2407 ayant
1430 2367 1547 2397 refuse
1570 2366 1760 2407 d'abjurer,
1776 2366 1801 2397 il

319 2409 373 2439 fut
397 2408 601 2448 martyris&
631 2408 658 2438 11
681 2408 735 2439 fut
753 2408 900 2438 d'abord
921 2408 1077 2439 enseveli
1105 2408 1123 2438 a
1143 2409 1281 2446 Hoxne,
1307 2409 1387 2449 puis
1410 2409 1430 2439 ὲ
1453 2408 1561 2449 Bury.
1588 2408 1635 2438 La
1660 2408 1742 2439 ville
1757 2407 1800 2439 de

318 2450 497 2480 Toulouse
515 2460 533 2480 a
552 2449 726 2490 pretendu
746 2449 916 2489 possedes·
930 2450 973 2480 de
999 2460 1055 2480 ses
1079 2452 1192 2480 restes
1218 2450 1276 2490 (cf.
1295 2451 1327 2481 J.
1349 2449 1527 2487 Lesa-ade,
1548 2449 1659 2491 Payes
1679 2448 1797 2480 d'hist.

319 2492 351 2521 et
369 2490 461 2521 d'art
485 2500 548 2521 sur
572 2490 821 2522 Saint-Sernin
845 2491 887 2521 de
918 2491 1105 2523 Toulouse,
1140 2492 1228 2521 dans
1246 2491 1277 2521 la
1301 2491 1382 2522 Rev.
1410 2490 1470 2522 des
1491 2490 1682 2531 Pyre'ne'es,
1707 2491 1798 2528 1904,

318 2543 351 2572 p.
372 2535 518 2570 297-318,
541 2542 602 2563 sur
622 2532 672 2562 les
691 2532 899 2571 reliquaires
919 2533 963 2562 de
985 2533 1077 2562 saint
1100 2532 1274 2567 Edmond,
1303 2535 1339 2563 et
1362 2533 1548 2572 rappelant
1583 2532 1615 2563 la
1641 2531 1799 2563 creation

317 2573 459 2604 recente
475 2573 578 2604 d‘une
596 2573 825 2604 commission
846 2582 909 2613 par
923 2573 1168 2613 l'areheveque
1196 2574 1239 2604 de
1254 2573 1432 2605 Toulouse
1451 2583 1543 2614 pour
1559 2572 1700 2604 vei-iliez·
1718 2572 1799 2603 l'au-

319 2614 507 2645 tlienticite
525 2615 567 2646 de
586 2625 644 2645 ces
662 2614 844 2654 reliques).
868 2614 918 2644 En
935 2614 1080 2653 France,
1099 2614 1130 2644 la
1150 2615 1205 2645 vie
1223 2615 1265 2645 de
1287 2615 1381 2646 saint
1398 2614 1560 2645 Edmond
1578 2625 1596 2645 a
1614 2614 1670 2645 ete
1688 2614 1798 2645 ecrite

318 2666 360 2686 au
381 2662 427 2686 x1⁰
441 2655 548 2686 siecle
568 2666 630 2696 par
646 2656 776 2686 Abbon
795 2656 837 2686 de
857 2656 987 2695 Fleury
1005 2656 1106 2695 (dans
1125 2656 1256 2696 Migne,
1273 2656 1311 2687 P.
1331 2656 1381 2694 L.,
1401 2658 1426 2687 t.
1452 2658 1522 2694 139,
1542 2657 1611 2687 col.
1637 2654 1796 2696 507-520).

360 2699 387 2727 4.
414 2697 466 2728 Cf.
489 2697 632 2735 Abbon,
658 2696 734 2728 Vita
750 2697 783 2728 S.
804 2696 1017 2733 Eadmundi,
1032 2698 1221 2736 e.xw,col.
1242 2700 1318 2728 516:
1333 2710 1347 2724 (ι
1426 2697 1656 2736 .Sed,mirurn
1675 2697 1795 2728 dictu!

318 2749 397 2768 cuin
413 2739 499 2769 illud
518 2739 713 2778 pretiosum
732 2748 862 2778 corpus
881 2738 1048 2778 martyris
1063 2738 1305 2778 putrefactum
1325 2739 1511 2779 putaretur
1525 2739 1571 2769 ob
1589 2739 1797 2769 diuturnum

319 2780 475 2819 spatium
497 2780 665 2810 transacti
685 2779 867 2820 temporie,
888 2779 936 2810 ita
960 2789 1084 2810 sanum
1109 2782 1163 2810 est
1180 2782 1363 2820 repertum
1389 2780 1423 2811 et
1441 2780 1630 2817 incolume,
1660 2782 1701 2811 ut
1725 2787 1796 2810 non
