1930 3224
1680 2 1681 5 ¹
1688 0 1711 18 ³-

1916 0 1930 219 Ιε

307 236 361 279 72
703 249 803 279 VEN.
845 248 1038 278 amimam
1075 250 1183 280 vmn
1214 251 1335 281 ιιΒΕΡ.
1375 250 1390 279 1
1916 222 1930 281 i

305 349 464 406 pietas,
495 349 632 401 Deus,
652 353 739 391 tuae
756 347 1095 390 retributionesa
1115 349 1160 390 in
1175 349 1421 407 peccatoris
1435 350 1516 404 tui,
1536 350 1614 392 sed
1628 365 1683 393 ex
1700 349 1787 394 fide

303 417 513 469 viventis,
538 417 751 458 animam.
777 415 864 459 Sed
885 415 941 458 ad
967 415 1169 459 ordinem
1191 418 1380 460 visionis
1402 418 1652 461 redeamus,

365 484 569 542 Cumque
590 500 691 526 eum
721 483 796 525 illa
830 484 1166 542 interrogasset,
1201 501 1258 527 an
1294 486 1451 539 orati0,
1487 485 1786 544 eleemosyna,

306 569 362 596 an
403 553 670 595 sacrificium
709 551 794 593 sibi
819 552 1009 614 *aliquod
1039 552 1290 596 subsidium
1328 554 1460 597 ferret
1499 553 1789 612 (conscientia

305 621 425 664 enim
448 620 533 662 sibi
558 624 668 675 erat,
695 620 815 677 quod
829 620 923 662 haec
944 636 1023 678 pro
1041 636 1092 663 eo
1111 621 1385 679 frequentius
1406 621 1632 682 faciebat),
1649 627 1694 666 et
1713 622 1789 666 ille

307 688 641 740 subannuisset,
660 688 832 730 addidit
855 702 863 732 :
884 706 903 727 «
924 688 1012 730 Sed
1034 689 1151 731 inter
1171 703 1250 732 vos
1271 690 1475 747 quaedam
1491 690 1663 733 habitat
1680 690 1790 734 Leo-

307 757 512 815 degardis
539 771 548 809 3
584 774 604 796 »
644 771 779 813 quam
814 761 957 798 mater
990 772 1089 799 mea
1121 772 1170 799 ea
1202 757 1451 801 intentione
1486 758 1614 801 illum
1645 759 1788 801 nomi-

306 840 437 867 nasse
476 824 714 877 intellexit,
764 824 976 881 quatinus
1017 824 1111 882 ipsa
1160 824 1214 867 ab
1257 841 1306 868 ea
1346 831 1533 883 peteret,
1570 826 1678 885 quid
1718 827 1789 869 sui

307 893 569 935 memoriam
589 892 786 935 haberet.
815 892 921 935 Erat
942 897 1092 935 autem
1109 893 1291 950 praefata
1314 894 1613 951 Leodegardis
1639 894 1786 938 foemi-

308 977 363 1003 na
390 961 550 1018 spiritu
584 960 883 1019 pauperrimO,
923 965 968 1003 et
1005 976 1104 1018 quae
1143 961 1238 1003 sine
1269 961 1469 1004 moribus
1509 962 1660 1005 saeculi
1695 963 1789 1005 Deo

309 1029 576 1086 simpliciter
594 1029 837 1082 victitaret.

368 1098 542 1139 Interea
564 1097 777 1154 loquendi
793 1098 849 1139 ad
866 1101 1041 1154 patrem
1058 1113 1208 1140 meum
1231 1098 1366 1140 finem
1380 1098 1566 1151 faciens,
1596 1099 1793 1157 respexit

311 1165 368 1208 ad
387 1170 575 1222 puteum
602 1180 736 1222 supra
759 1181 893 1223 quem
927 1170 1022 1208 erat
1055 1166 1210 1208 tabula
1237 1180 1246 1219 ;
1283 1181 1417 1224 supra
1453 1166 1656 1210 tabulam
1687 1182 1792 1210 vero

311 1233 585 1276 Rainaldum
639 1233 865 1291 quendam
917 1234 1065 1276 virum
1112 1239 1366 1292 equestrem
1415 1235 1651 1293 conspicit,
1701 1250 1791 1277 non

310 1302 452 1343 infimi
473 1300 642 1359 preciib
670 1302 786 1343 inter
812 1317 932 1355 suos,
959 1302 1035 1360 qui
1056 1302 1101 1343 in
1119 1302 1215 1360 ipsa
1239 1302 1326 1355 die,
1354 1318 1452 1360 quae
1478 1307 1588 1356 erat,
1613 1307 1663 1346 ut
1682 1318 1793 1360 prae-
1830 1342 1833 1346 .

310 1369 418 1422 dixi,
441 1369 692 1423 Dominica,
723 1385 747 1411 a
775 1369 867 1411 suis
891 1370 1216 1412 contribulibus
1249 1370 1605 1428 proditionaliter
1636 1370 1794 1413 Belva-

312 1438 381 1481 cic
420 1437 683 1480 interfectus
720 1442 823 1494 post
855 1438 1092 1495 prandium
1130 1439 1246 1481 est1.
1291 1439 1333 1481 Is
1369 1454 1490 1496 erg-0,
1538 1428 1653 1501 cum.
1675 1443 1793 1482 e'sset

312 1521 445 1563 super
470 1505 659 1548 eandem
690 1505 908 1560 tabulam,
938 1511 1121 1548 curvato
1162 1511 1351 1564 utroque
1391 1522 1509 1564 genu
1544 1511 1589 1549 et
1623 1507 1793 1549 cervice

312 1574 522 1627 demissa,
541 1578 662 1616 strue
677 1573 892 1630 conjecta,
907 1574 1130 1616 conflabat
1148 1574 1299 1616 buccis
1321 1574 1603 1632 pulsantibus
1623 1575 1790 1631 ignem.

313 1643 421 1684 Haec
445 1656 576 1683 mane
598 1641 884 1695 videbantur,
908 1646 952 1684 et
977 1642 1088 1700 ipse,
1113 1657 1218 1684 suos
1244 1658 1358 1700 quos
1381 1642 1552 1685 meritis
1579 1643 1794 1685 accende-

312 1715 382 1752 rat
402 1710 676 1752 deventurus
706 1709 762 1751 ad
793 1710 936 1766 ignes,
977 1710 1147 1752 interiit
1184 1710 1382 1753 meridie.
1421 1710 1546 1752 Vidit
1581 1715 1624 1753 et
1662 1725 1797 1768 super

312 1778 572 1836 praedictam
585 1777 787 1820 tabulam
813 1777 1035 1835 quendam
1058 1778 1134 1835 qui
1151 1778 1408 1835 adjuvabat,
1435 1778 1514 1820 sed
1537 1778 1672 1835 longe
1693 1782 1799 1836 post

314 1846 439 1898 obiit,
463 1845 647 1888 fratrem
673 1861 838 1897 meum,
865 1845 1082 1888 horrenda
1103 1846 1244 1888 divini
1267 1846 1464 1903 corporis
1493 1850 1537 1888 et
1563 1845 1796 1903 sanguinis

314 1929 393 1971 per
410 1918 685 1956 sacramenta
699 1913 926 1970 jurantem
945 1928 954 1967 3
989 1914 1034 1955 in
1060 1930 1148 1972 quo
1171 1914 1236 1956 nil
1261 1914 1383 1957 aliud
1401 1914 1561 1956 melius
1585 1913 1798 1972 intelligi-

313 1987 403 2035 tur,
426 1981 513 2023 nisi
559 1980 801 2038 pejerando
834 1986 878 2024 et
920 1986 1124 2024 sanctum
1158 1983 1241 2024 Dei
1266 1997 1432 2024 nomen
1468 1986 1512 2024 et
1549 1981 1645 2040 ejus
1673 1996 1796 2024 sacra

315 2049 529 2106 mysteria
557 2064 690 2106 super
721 2065 767 2091 re
794 2065 906 2091 vana
930 2050 1216 2104 assumendo,
1246 2050 1327 2092 hos
1356 2054 1602 2092 mereretur
1628 2054 1672 2092 et
1701 2064 1797 2107 poe-

316 2133 473 2159 narum
511 2118 634 2159 locos
663 2122 707 2159 et
744 2133 916 2174 poenas.
954 2118 1079 2160 Vidit
1117 2122 1161 2160 et
1193 2118 1239 2159 in
1279 2118 1434 2160 eadem
1465 2118 1576 2160 serie
1609 2116 1797 2160 visionis

315 2201 451 2228 anum
472 2185 611 2238 illam,
636 2201 772 2244 quam
795 2186 841 2227 in
868 2201 959 2227 suae
985 2185 1112 2228 initio
1133 2186 1438 2229 conversionis
1465 2185 1799 2243 supradiximus

356 2307 388 2328 a.
409 2296 662 2329 retributionis
683 2297 710 2328 B
733 2297 781 2339 (et
799 2297 857 2339 D).
875 2315 916 2320 --
935 2297 969 2329 b.
990 2297 1101 2336 pretii
1116 2298 1161 2330 D.
1175 2316 1216 2320 —
1236 2308 1265 2330 c.
1285 2297 1431 2330 Balvaci
1446 2298 1488 2329 D.

358 2458 387 2486 1.
413 2455 467 2485 On
485 2454 686 2486 consulter-a
705 2465 766 2486 sur
792 2458 849 2487 cet
869 2455 1082 2487 evenement
1102 2456 1154 2487 les
1171 2456 1296 2487 lettres
1320 2459 1391 2494 137,
1410 2459 1468 2487 263
1483 2457 1519 2487 et
1536 2457 1594 2486 264
1612 2454 1744 2487 d'Yves
1761 2456 1805 2487 de

316 2496 484 2527 Chartres
503 2496 648 2537 (Migne,
675 2496 713 2527 P.
734 2497 786 2535 L.,
806 2499 831 2528 t.
849 2500 920 2536 163,
939 2498 1007 2528 col.
1027 2500 1174 2537 138-267,
1198 2500 1275 2538 2683
1298 2497 1341 2528 H.
1358 2497 1411 2535 F„
1434 2500 1460 2529 t.
1479 2497 1557 2537 XV,
1581 2507 1617 2538 p.
1642 2497 1803 2538 168-169).

316 2538 363 2569 Le
380 2538 433 2568 roi
455 2538 582 2568 voulut
604 2538 752 2578 appeler
777 2537 922 2569 l'affaire
951 2539 971 2570 a
994 2549 1031 2570 sa
1055 2549 1152 2570 cour.
1178 2539 1225 2570 Le
1245 2539 1311 2570 cha
1339 2539 1419 2578 itre,
1444 2541 1597 2570 soutenu
1614 2548 1679 2579 par
1694 2539 1802 2577 Yves,

315 2581 489 2619 protesta,
503 2580 595 2619 puis,
614 2589 795 2619 prononca
807 2580 996 2621 l'interdits;
1015 2580 1101 2611 c'est
1117 2581 1210 2611 alors
1227 2590 1295 2621 que
1323 2590 1342 2611 a
1356 2580 1532 2621 populace
1546 2590 1582 2611 se
1590 2580 1666 2620 jeta
1679 2589 1741 2611 sur
1752 2580 1804 2611 les

315 2621 439 2651 clercs
450 2620 737 2661 Luchaire(Ann.
751 2621 793 2651 de
804 2621 911 2652 Louis
930 2621 986 2661 VI,
1005 2627 1043 2652 n⁰
1056 2624 1126 2661 174,
1143 2632 1177 2662 p.
1195 2622 1316 2662 88-89),
1326 2621 1521 2653 observant
1535 2620 1619 2662 qu'il
1630 2621 1721 2652 n'est
1739 2631 1804 2662 pas

315 2662 482 2702 question
499 2662 543 2692 de
560 2661 719 2702 l'eveque
734 2662 776 2693 de
794 2662 980 2701 Beauvais,
996 2664 1083 2694 mais
1098 2664 1330 2703 uniquement
1346 2663 1408 2694 des
1421 2663 1629 2702 chanoines,
1647 2671 1802 2703 suppose

315 2713 383 2743 que
403 2703 638 2734 l'evenement
658 2703 776 2734 arriva
795 2704 952 2744 pendant
969 2704 1002 2734 la
1019 2714 1174 2735 vacance
1191 2705 1234 2735 de
1246 2703 1400 2735 l'eveche
1412 2704 1498 2743 <du2
1516 2703 1705 2735 decembre
1723 2706 1802 2734 1113

315 2755 360 2774 au
381 2747 419 2775 12
433 2744 512 2784 juin
526 2746 615 2775 1114.
638 2744 735 2775 Nous
750 2754 913 2785 pouvons
930 2746 1032 2777 dater
1049 2756 1114 2786 par
1129 2746 1162 2777 la
1179 2746 1211 2777 le
1228 2745 1384 2787 premier
1401 2746 1489 2776 livre
1506 2746 1549 2776 de
1566 2744 1730 2777 Guibert.
1749 2744 1801 2776 Cf.

314 2785 490 2825 l'lntrod.‚
506 2796 541 2826 p.
557 2796 663 2818 xnvu.
