1930 3224
289 249 374 291 220
670 264 768 293 VEN.
804 264 997 292 summm
1031 262 1134 291 VITAE
1166 262 1284 290 ann
1319 264 1359 291 ιιι

289 362 392 404 dem
414 362 636 405 Joffredus
655 367 860 414 vocatur3
883 361 1163 404 samurensis
1181 362 1406 419 quondam
1423 362 1557 404 castri
1573 362 1585 390 ¹
1601 366 1646 404 et
1663 361 1770 404 alio-

287 445 387 472 rum
413 435 661 471 castrorum
684 430 729 471 in
753 429 1012 486 Burgundia
1031 429 1238 471 dominus
1264 429 1363 482 fuit,
1402 429 1530 486 cujus
1555 429 1646 472 vita
1667 428 1771 487 quia

287 513 391 539 vero
418 503 606 554 cognata
632 498 924 554 dignoscitur,
958 497 1092 539 verba
1124 513 1204 540 sua
1238 505 1472 554 personae³
1507 497 1772 540 conferenda

287 570 513 623 putamus.
543 565 716 607 Relatio
738 570 890 607 autem
913 565 975 607 sic
997 581 1042 607 se
1068 565 1217 608 habet.
1241 565 1427 608 Juvenis
1454 565 1677 623 quispiam
1696 565 1772 607 ‘2in

289 633 593 690 superioribus
610 639 833 676 terrarum
851 633 936 675 sibi
958 634 1271 690 contiguarum
1296 634 1499 691 partibus
1519 633 1677 687 fuerat,
1695 632 1774 691 qui

288 701 482 743 foeminae
506 701 684 743 cuidam
708 717 798 743 non
821 702 993 753 uxorio,
1025 701 1069 743 id
1087 706 1154 743 est
1181 702 1345 754 debito,
1373 702 1452 744 sed
1475 701 1694 754 usurario,
1722 705 1774 743 ut

291 769 537 812 secundum
574 769 779 812 Solinum
800 771 815 797 3
848 763 1025 826 loquar,
1051 770 1095 812 id
1128 774 1197 812 est
1229 770 1427 812 indebito
1457 785 1606 812 amore
1631 769 1774 812 cohae-

289 842 420 880 serat.
452 837 496 879 Is
516 837 757 895 aliquando
772 836 807 889 ¹³,
839 837 1163 896 aliquantisper
1183 838 1463 895 resipiscens,
1487 837 1543 880 ad
1560 837 1774 880 Sanctum

288 905 509 949 Jacobum
537 905 755 947 Galiciam
775 906 791 935 4
830 906 1044 949 orationis
1081 906 1222 962 gratia
1259 906 1501 948 meditatur
1523 905 1660 948 abire.
1686 905 1775 948 Sed

290 974 335 1015 in
362 974 458 1030 ipsa
484 973 568 1031 piae
596 974 862 1015 intentionis
886 989 1031 1015 massa
1059 974 1273 1031 quiddam
1296 974 1503 1016 fermenti
1532 973 1771 1026 inseritur;

290 1057 393 1083 nam
419 1041 657 1098 cingulum.
671 1042 870 1084 mulieris
892 1057 1043 1084 secum
1069 1042 1114 1084 in
1131 1042 1207 1084 illa
1234 1042 1589 1099 peregrinatione
1620 1056 1775 1099 aspor-

289 1115 406 1162 tans,
437 1125 488 1151 eo
508 1125 586 1167 pro
611 1109 707 1166 ejus
728 1110 1032 1152 recordatione
1053 1110 1266 1162 abutitur,
1289 1115 1332 1152 et
1358 1114 1476 1152 recta
1499 1109 1594 1166 ejus
1608 1109 1774 1151 oblatio

290 1193 378 1219 non
386 1178 482 1234 jam
499 1182 615 1219 recte
633 1178 862 1220 dividitur.
892 1178 1013 1220 Inter
1030 1179 1227 1220 eundum
1242 1194 1346 1235 ergo
1362 1177 1567 1220 diabolus
1581 1177 1775 1219 occasio-

292 1261 395 1288 nem
415 1246 671 1288 incursandi
691 1246 919 1288 hominem
937 1251 1110 1299 nactus,
1134 1251 1318 1304 apparet
1336 1246 1375 1288 ei
1395 1246 1440 1287 in
1461 1246 1606 1303 specie
1624 1245 1776 1288 Jacobi

291 1314 528 1371 apostolic,
563 1318 606 1356 et
630 1314 691 1356 ait
713 1328 720 1357 :
758 1332 778 1353 «
822 1314 919 1366 Quo
945 1314 1131 1358 tendis‘.>
1165 1341 1223 1345 —
1249 1315 1324 1356 Ad
1351 1314 1581 1366 Sanctum,
1611 1313 1774 1371 inquit,

289 1382 524 1424 Jacobum.
558 1408 616 1413 —-
651 1382 753 1424 Non
778 1382 904 1435 bene,
935 1383 1012 1435 ait,
1044 1383 1185 1424 vadis.
1214 1383 1308 1439 Ego
1346 1398 1446 1424 sum
1471 1381 1680 1435 Jacobus,
1711 1381 1776 1424 *ad

293 1465 426 1508 quem
446 1465 674 1507 properas,
703 1451 780 1492 sed
799 1465 891 1492 rem
908 1466 1016 1492 meae
1032 1450 1240 1507 dignitati
1254 1455 1403 1492 tecum
1418 1449 1777 1507 indignissimam

291 1523 459 1575 portaS.
494 1517 609 1560 Cum
624 1518 743 1560 enim
761 1518 806 1560 in
830 1518 970 1560 totius
986 1518 1290 1560 fornicationis
1309 1517 1543 1560 volutabro
1561 1517 1776 1559 hactenus

288 1586 498 1644 jacueris,
527 1586 658 1628 modo
682 1586 907 1644 poenitens
939 1587 1008 1628 vis
1030 1587 1186 1639 videri,
1221 1591 1263 1628 et
1294 1586 1422 1644 quasi
1448 1585 1643 1643 aliquem
1671 1584 1777 1627 boni

291 1654 408 1696 initii
434 1655 717 1711 praetendens
739 1654 947 1707 fructum,
973 1655 1029 1696 ad
1047 1670 1192 1696 meam
1221 1659 1261 1696 te
1285 1654 1466 1696 tendere
1492 1653 1777 1711 praesentiam

292 1722 530 1780 profiteris,
552 1738 654 1764 cum
673 1723 818 1765 adhuc
836 1723 957 1764 illius
979 1722 1200 1764 obscoenae
1221 1721 1494 1764 mulierculae
1513 1726 1601 1763 tuae
1627 1720 1777 1763 balteo

293 1790 538 1847 accingaris
567 1808 605 1833 ».
647 1790 837 1833 Erubuit
869 1791 1001 1832 homo
1037 1791 1092 1832 ad
1122 1790 1312 1847 objecta,
1342 1795 1385 1832 et
1412 1789 1596 1831 credens
1625 1803 1778 1831 revera

293 1859 562 1916 apostolum,
589 1858 750 1900 infert:
779 1877 799 1898 «
835 1858 951 1912 Scio,
991 1858 1186 1911 domine,
1226 1858 1452 1915 quondam
1484 1873 1555 1899 me
1586 1861 1630 1899 et
1659 1871 1778 1899 nunc

334 1983 366 2004 a.
385 1979 432 2014 poe
447 1997 454 2011 ,
471 1982 558 2003 avec
573 1971 676 2002 haste
703 1970 828 2001 bart-ee
847 1971 886 2006 B,
913 1971 973 2011 qui
1001 1970 1201 2010 developpe
1231 1980 1274 2001 en
1299 1969 1490 2010 interligne
1509 1978 1685 2010 personae.
1711 1978 1779 2010 per·

292 2024 327 2045 se
343 2015 435 2046 D.—-
456 2014 489 2046 b.
510 2013 608 2044 Corr.
629 2013 673 2043 de
691 2012 735 2043 D.
756 2011 944 2053 aliquanto
962 2012 1002 2043 B.
1020 2030 1061 2034 —
1081 2022 1109 2043 c.
1132 2021 1286 2052 manque
1304 2011 1349 2043 D.

337 2151 367 2179 1.
394 2147 531 2183 Semur,
551 2147 630 2188 dep.
651 2147 693 2177 dc
712 2146 744 2176 la
763 2146 963 2183 Cote-d'Or,
982 2146 1082 2177 ch.-l.
1103 2146 1206 2176 d’arr.
1225 2145 1270 2176 Lc
1288 2145 1529 2176 chateau-fort
1546 2144 1652 2184 qu'on
1665 2153 1689 2184 y
1702 2143 1779 2175 voit

291 2189 557 2225 actucllement,
577 2188 693 2219 classe
710 2197 849 2218 comme
871 2190 1080 2218 monument
1096 2187 1306 2227 historique,
1325 2187 1408 2217 date
1425 2186 1472 2216 du
1490 2193 1566 2216 xur⁵
1586 2185 1707 2217 siecle.

334 2235 363 2261 2.
392 2231 419 2261 11
436 2240 479 2260 ne
494 2230 596 2269 s'agit
614 2230 706 2260 donc
724 2239 786 2269 pas
805 2230 851 2259 du
871 2229 1038 2268 seigneur
1055 2230 1097 2258 de
1115 2229 1253 2263 Scmur,
1273 2238 1409 2258 comme
1427 2228 1458 2258 le
1476 2227 1588 2258 debut
1605 2227 1652 2257 du
1674 2235 1778 2266 para-

294 2272 427 2312 graphe
454 2271 617 2311 pourrait
642 2271 674 2301 le
714 2270 800 2301 faire
834 2270 960 2306 croire,
987 2272 1022 2300 et
1045 2270 1069 2300 il
1108 2270 1183 2300 faut
1222 2270 1303 2299 bien
1337 2268 1516 2300 identifier
1542 2268 1706 2306 seigneur
1743 2268 1780 2298 et

292 2314 421 2344 moine.
443 2313 485 2343 V.
503 2312 598 2343 aussi
619 2322 651 2352 p.
672 2316 729 2342 222
745 2321 751 2342 :
768 2325 781 2339 «
802 2311 930 2342 Senior
947 2311 1007 2351 qui
1025 2311 1101 2342 haze
1116 2310 1201 2341 mihi
1220 2311 1354 2341 retulit.
1378 2325 1390 2338 ιι
1407 2310 1454 2341 Ce
1472 2309 1638 2340 dominus
1652 2308 1778 2340 n'ctait

293 2355 472 2385 d'ailleurs
492 2363 575 2384 sans
594 2354 702 2383 doute
721 2354 827 2393 qu'nn
850 2353 1038 2389 Chatelain,
1075 2353 1190 2383 Eudes
1211 2352 1252 2382 Ier
1271 2352 1386 2389 Borel,
1405 2352 1474 2382 duc
1492 2351 1535 2381 de
1555 2351 1776 2390 Bourgogne,

294 2398 415 2437 ayant,
433 2405 476 2426 en
498 2398 589 2428 10⁸2.
612 2394 713 2425 reuni
728 2395 902 2428 l'Auxois,
921 2395 1008 2424 dont
1025 2394 1152 2424 Scmur
1172 2393 1294 2423 saisait
1314 2393 1426 2433 partie
1449 2391 1673 2432 (Courtepee,
1700 2391 1780 2422 Des-

293 2436 449 2478 cription
465 2436 547 2479 ye'n.
568 2438 600 2467 et
615 2435 746 2477 partic.
764 2436 809 2466 du
836 2435 951 2466 cluche·
969 2435 1009 2466 de
1031 2435 1255 2476 3011ryogsne‚
1275 2438 1306 2464 ἱ).Β
1326 2433 1395 2473 ed„
1414 2433 1535 2474 Dijon,
1556 2435 1647 2471 1848,
1667 2434 1693 2463 t.
1714 2432 1777 2471 111,

325 2503 331 2509 .
354 2481 411 2509 469
430 2503 436 2509 .

296 2489 318 2519 p
335 2523 363 2551 3.
390 2479 501 2557 Sinin,
521 2519 581 2559 qui
600 2528 619 2549 a
636 2517 775 2549 resume
797 2518 968 2548 l'histoirc
983 2517 1156 2548 natur-elle
1174 2518 1217 2547 de
1236 2516 1337 2547 Plinc
1355 2515 1529 2549 l'Ancien,
1548 2525 1592 2546 au
1605 2521 1658 2545 ιη’
1672 2514 1778 2545 siecle

294 2571 350 2601 ap.
375 2560 478 2595 J.-C.,
520 2571 539 2590 a
574 2560 663 2590 ecrit
686 2560 748 2590 des
774 2559 997 2590 Collectanea
1031 2569 1151 2589 rerum
1176 2557 1464 2588 memorabilium
1487 2566 1532 2587 ou
1557 2555 1777 2596 Polyhistor,

295 2602 427 2632 recueil
452 2603 494 2632 cle
513 2603 616 2632 notes
634 2603 670 2631 ct
687 2599 913 2631 d'anecdotes
937 2600 1032 2630 edite
1066 2610 1109 2630 eu
1142 2599 1285 2630 dernier
1316 2599 1387 2629 lieu
1404 2608 1468 2639 par
1484 2597 1548 2628 Th.
1564 2597 1777 2635 Mommsen,

294 2643 438 2682 (Berlin,
460 2645 550 2680 1861,
570 2643 668 2682 in—8).
696 2642 723 2672 ll
741 2652 759 2672 a
777 2641 833 2672 etc
857 2642 929 2672 tres
953 2641 1118 2681 employe
1143 2643 1178 2671 ct
1207 2639 1382 2680 inter-pole
1415 2649 1469 2670 Jar
1498 2639 1529 2670 lc
1553 2648 1684 2679 moyen
1702 2639 1776 2678 age.

294 2684 336 2715 Je
366 2695 409 2715 nc
431 2684 508 2715 vois
526 2694 589 2723 pas
606 2683 625 2713 a
642 2684 725 2723 quel
743 2692 890 2723 passage
908 2683 952 2713 de
970 2682 1069 2712 Solin
1088 2692 1125 2712 se
1144 2681 1255 2712 refere
1273 2682 1318 2712 ici
1336 2681 1404 2712 Gui
1418 2682 1500 2711 )e1't.

338 2727 366 2757 4.
392 2725 665 2765 Saint-Jacques
688 2725 731 2755 de
757 2724 1012 2764 Compostelle,
1045 2723 1217 2754 ancienne
1235 2733 1274 2753 ca
1303 2722 1388 2754 itale
1409 2722 1452 2752 de
1471 2723 1504 2753 la
1521 2721 1656 2759 Galice,
1674 2729 1775 2761 prov.

296 2767 506 2807 d'Espagne,
522 2766 651 2797 fondee
668 2775 712 2796 au
731 2771 778 2795 1x⁹
805 2765 913 2795 siecle
935 2775 997 2795 sur
1015 2775 1061 2794 un
1080 2764 1249 2795 tombeau
1267 2733 1310 2794 (fe
1328 2762 1610 2803 Saintdacques,
1629 2762 1779 2792 miracu-

296 2808 496 2839 leuscmcnt
513 2807 682 2839 retrouve'
708 2808 812 2846 grace
829 2807 848 2837 a
866 2808 899 2837 la
917 2806 1026 2837 clarte'
1041 2806 1143 2836 d'une
1164 2805 1283 2836 etoile.
