1930 3224
296 282 377 323 100
709 295 804 323 vm.
842 295 1031 323 Gumssn'n
1066 296 1173 323 vrrAE
1204 295 1324 323 LlBER
1358 296 1387 323 11

347 393 483 450 Apud
507 393 681 450 Anglos
699 399 801 435 ante
828 393 1046 435 incarnati
1067 393 1201 435 Verbi
1233 393 1279 434 in
1312 393 1476 434 coelum
1507 392 1777 450 assumptio-

287 477 405 512 nem,
442 476 594 517 regem
625 461 849 517 quendam
879 461 1081 503 extitisse
1112 460 1271 503 refert¹
1300 478 1308 510 ;
1348 460 1425 518 qui
1462 460 1645 518 quidem
1686 474 1777 502 non

287 528 444 585 Angli,
474 528 594 586 quod
618 528 780 570 novius
807 543 970 570 nomen
992 533 1077 581 est,
1106 544 1129 569 a
1155 528 1348 585 quadam
1370 532 1495 585 parte
1529 527 1774 580 Saxonum,

287 596 364 654 qui
402 596 502 637 illas
541 596 830 653 postmodum
864 601 1140 653 usurparunt
1174 601 1331 649 terras,
1370 595 1448 637 sed
1483 595 1690 638 Britones
1721 594 1778 639 ab

286 664 469 721 antiquo
492 668 724 705 vocantur.
744 662 795 704 In
815 663 912 720 ipsa
951 679 1055 720 ergo
1084 664 1330 716 Britannia,
1367 663 1531 706 Oceani
1568 662 1778 706 videlicet

286 732 449 783 insula,
487 747 564 772 rex
606 731 726 772 idem
760 731 904 774 fuerat
935 731 1109 773 literis&
1139 731 1325 789 poeticis
1364 746 1414 773 ac
1458 730 1778 788 philosophicis

285 799 508 841 uberrime
524 799 681 851 fultus,
711 804 756 841 et
770 799 826 841 ad
850 800 943 841 haec
961 800 1225 842 naturaliter
1245 799 1331 841 sibi
1344 799 1479 842 insita
1502 799 1702 842 bonitate
1721 797 1778 840 ad

286 866 599 908 misericordiae
626 882 759 923 opera
783 867 935 919 fusus3
962 883 1153 925 cumque
1182 882 1332 924 egenae
1366 867 1520 909 manui
1545 881 1636 908 non
1674 865 1774 918 Dei,

286 950 419 991 quem
457 935 601 976 adhuc
634 934 887 991 ignorabat,
920 935 1104 988 intuitu,
1141 935 1219 977 sed
1249 934 1542 977 humanitatis
1580 933 1774 986 eximiae,

285 1018 373 1059 qua
390 1002 615 1054 affluebat,
642 1003 855 1060 impulsu,
885 1003 1106 1060 dapsilem
1130 1018 1175 1045 se
1201 1002 1434 1060 praeberet,
1462 1002 1649 1060 dignum
1667 1001 1772 1054 fuit,

283 1075 334 1112 ut
354 1070 435 1128 pize
461 1075 628 1112 naturae
651 1071 860 1113 exercitio
881 1071 1080 1113 clarioris
1107 1070 1416 1126 intelligentiae
1449 1085 1614 1112 munus
1645 1085 1770 1112 acce-

287 1137 426 1180 deret.
453 1137 600 1194 Coepit
624 1138 742 1179 enim
767 1138 1076 1180 disertissimis
1098 1139 1216 1196 apud
1241 1155 1286 1181 se
1305 1137 1583 1198 {conjecturis
1604 1137 1779 1180 discur-·

285 1221 394 1259 rere,
416 1206 523 1263 quid
547 1206 664 1247 inter
682 1211 750 1248 tot
777 1204 962 1248 deorum
980 1222 1163 1248 suorum
1188 1206 1401 1249 formulas
1437 1206 1547 1248 certi
1580 1205 1777 1248 numinis

285 1288 460 1330 sperare
505 1273 701 1316 deberet.
746 1275 948 1316 pensans
987 1274 1107 1316 enim
1139 1290 1345 1332 quaenam
1386 1275 1431 1316 in
1473 1273 1776 1316 moderatione

284 1341 385 1383 coeli
408 1346 451 1383 et
468 1346 596 1383 terrac
622 1346 795 1398 poterat
822 1342 937 1383 inter
961 1358 1036 1383 eos
1058 1358 1154 1384 esse
1174 1342 1425 1394 concordia,
1460 1357 1563 1384 cum
1601 1341 1647 1383 in
1673 1356 1777 1383 con-

279 1408 434 1466 jugiis,
459 1409 566 1450 dum
592 1409 870 1460 adviverent,
897 1410 988 1451 suis
1012 1410 1147 1452 fuerit
1166 1415 1208 1452 et
1235 1410 1471 1467 impuritas
1497 1425 1546 1452 ac
1572 1409 1778 1451 simultas

284 1476 484 1529 indubia,
508 1482 551 1518 et
572 1477 617 1518 in
635 1477 845 1518 dominiis
865 1483 1085 1519 terrarum
1106 1494 1304 1530 suarum,
1325 1478 1520 1520 filiorum
1543 1477 1590 1519 in
1608 1482 1773 1534 patres,

286 1549 463 1601 patrum
507 1545 551 1586 in
587 1544 702 1586 filios
737 1561 878 1603 usque
912 1545 968 1587 ad
1004 1546 1215 1587 vicariam
1252 1551 1327 1588 aut
1361 1545 1668 1588 exclusionem
1701 1549 1778 1587 aut

285 1617 476 1654 mortem
497 1613 708 1668 ⁸patuerit
744 1613 860 1655 inter
897 1613 1019 1670 ipsos
1055 1613 1249 1656 crudelis
1289 1614 1475 1666 invidia,
1512 1618 1558 1655 et
1590 1628 1692 1655 cum
1721 1613 1777 1655 de

283 1679 393 1736 ipsis
420 1680 591 1722 cunctis
618 1696 730 1737 pene
749 1681 899 1738 pejora
923 1681 1187 1723 mortalibus
1209 1681 1498 1734 cantitentur,
1535 1680 1774 1723 dementiae

284 1747 583 1790 arbitrabatur
611 1753 838 1801 extremae,
872 1749 909 1790 si
938 1748 1103 1791 talibus
1136 1754 1281 1801 terrae,
1323 1749 1514 1791 necdum
1559 1749 1776 1791 coelorum

283 1816 479 1873 regimen
500 1816 762 1858 ascribatur.
791 1817 845 1858 Et
870 1817 969 1874 quis
991 1833 1066 1858 eos
1090 1817 1146 1859 ad
1167 1833 1359 1874 superna
1380 1816 1658 1874 disponenda
1685 1821 1776 1859 tra-

283 1884 432 1935 ducat⁷
480 1900 669 1942 quorum
714 1885 939 1942 quondam
996 1885 1248 1926 miseranda
1297 1885 1498 1942 potentia
1555 1889 1777 1927 terrarum

324 2006 356 2027 a.
379 1995 511 2027 litteris
530 1996 573 2027 D.

282 2139 405 2169 el'l'orts
422 2139 466 2169 de
485 2138 653 2179 Dachery
671 2149 760 2178 pour
782 2138 931 2169 l'ortifier
948 2141 1042 2169 cette
1065 2139 1236 2170 tradition
1258 2141 1340 2170 sont
1367 2139 1468 2170 vains
1489 2138 1616 2179 (Notae,
1641 2149 1676 2179 p.
1698 2142 1777 2170 616-

282 2179 367 2219 617).
384 2179 449 2210 Les
471 2182 615 2210 auteurs
630 2180 672 2210 de
697 2180 728 2209 la
755 2179 869 2210 Gallia
894 2180 1101 2211 Christiana
1119 2182 1333 2220 repoussent
1343 2190 1430 2211 avec
1444 2180 1563 2211 raison
1581 2180 1614 2211 la
1629 2179 1778 2219 legende

283 2221 325 2251 (le
356 2220 507 2257 Quilius,
534 2222 611 2251 tout
635 2221 654 2251 a
680 2221 743 2251 fait
765 2220 885 2259 ignore
910 2231 1048 2251 comme
1067 2221 1119 2251 roi
1144 2221 1271 2251 breton
1296 2231 1341 2251 ou
1369 2231 1492 2252 saxon.
1517 2221 1564 2252 Le
1588 2231 1692 2252 sceau
1715 2222 1777 2253 des

283 2261 394 2292 ahbes
411 2263 455 2292 de
474 2262 614 2299 Nogcnt
633 2262 765 2301 portait
782 2263 814 2292 la
829 2262 938 2301 ligure
951 2263 996 2292 du
1016 2263 1067 2292 roi
1084 2262 1224 2298 Quilius
1242 2272 1329 2293 avec
1347 2272 1406 2293 ces
1425 2263 1518 2293 mots
1537 2272 1580 2293 en
1597 2272 1750 2303 exergue
1767 2273 1775 2294 :

283 2303 472 2339 QVILIVS
489 2303 583 2333 REX
595 2303 652 2343 (cf.
667 2303 840 2333 chanoine
853 2304 883 2333 J.
906 2303 941 2334 F.
956 2303 1003 2334 M.
1020 2304 1198 2343 Lequeux.
1213 2305 1295 2334 Ant.
1308 2303 1520 2345 reliyieuses
1530 2304 1576 2335 du
1587 2303 1777 2335 diocesede

282 2344 485 2375 Soissonset
501 2344 731 2381 Laon,Paris,
746 2347 836 2382 1⁸58,
849 2345 954 2383 in-16,
969 2348 993 2376 t.
1006 2345 1074 2385 Lp.
1090 2346 1174 2375 2'1et
1187 2345 1233 2384 pl.
1248 2346 1380 2383 1x),eta
1394 2355 1433 2376 ce
1444 2345 1495 2376 roi
1508 2344 1774 2386 hypothetique

282 2385 416 2417 etaient
434 2385 635 2417 rattaehees
654 2386 829 2416 certaines
842 2386 996 2425 reliques
1008 2387 1098 2416 dont
1109 2386 1150 2416 D.
1166 2386 1208 2416 V.
1225 2386 1376 2417 Cottron
1393 2386 1461 2426 (ορ.
1475 2386 1549 2424 cit„
1569 2396 1603 2426 p.
1621 2388 1712 2417 58-64
1731 2396 1776 2417 ou

282 2426 309 2456 f⁰
328 2427 434 2466 43-51)
447 2428 565 2457 donne
580 2436 648 2457 une
664 2426 745 2457 liste
758 2437 804 2456 un
823 2437 890 2466 peu
904 2426 1104 2464 dill'erente‚
1120 2437 1163 2457 au
1182 2427 1283 2467 point
1297 2428 1340 2457 de
1359 2437 1426 2458 vuc
1438 2428 1484 2457 du
1501 2429 1609 2466 texte⁷
1629 2427 1671 2458 de
1687 2427 1776 2458 celle

281 2468 324 2498 dc
338 2468 491 2499 Guibert
508 2468 554 2506 (v.
566 2477 600 2507 p.
618 2471 688 2506 105,
702 2478 735 2498 n.
749 2469 792 2508 a).
815 2468 842 2498 Il
861 2470 915 2498 est
930 2468 1145 2507 regrettable
1161 2478 1229 2508 que
1241 2469 1292 2499 les
1301 2468 1514 2499 Calvinistes
1529 2469 1626 2499 aient
1640 2468 1776 2500 deu-uit

282 2519 340 2539 ces
358 2510 512 2549 reliques
531 2511 566 2540 ct
584 2509 660 2539 leur
677 2508 921 2549 authentique‚
935 2519 1017 2540 sans
1032 2510 1115 2549 quoi
1131 2519 1176 2540 on
1192 2510 1253 2540 eut
1267 2520 1308 2540 eu
1327 2519 1371 2539 un
1392 2519 1521 2549 moyen
1541 2510 1584 2540 de
1597 2509 1702 2550 juger
1716 2520 1776 2540 sur

286 2551 316 2580 le
336 2551 399 2580 fait
418 2551 450 2581 la
469 2549 625 2590 sagacite
640 2551 684 2580 de
700 2551 851 2581 l'auteur
868 2551 914 2581 du
934 2551 982 2581 De
994 2550 1214 2591 piqnorilms
1230 2552 1448 2589 sanctorum,
1468 2551 1526 2591 qui
1541 2551 1653 2590 prend
1674 2550 1775 2582 d'ail-

281 2592 376 2622 leurs
394 2593 425 2622 la
444 2591 653 2631 precaution
671 2592 714 2622 de
735 2593 825 2622 citer
842 2602 879 2622 sa
899 2602 1024 2622 source
1049 2594 1084 2622 et
1101 2593 1144 2622 de
1168 2592 1349 2632 souligner
1370 2591 1578 2632 l'etrangete
1605 2592 1652 2622 du
1670 2591 1772 2624 re'cit.

283 2632 310 2662 Il
328 2635 382 2662 est
399 2643 441 2663 en
460 2635 538 2663 tout
556 2643 615 2663 cas
634 2633 807 2672 probable
827 2643 895 2673 que
916 2634 948 2663 la
973 2632 1119 2672 legende
1138 2633 1283 2664 cxistait
1306 2633 1387 2664 bien
1412 2635 1520 2664 avant
1539 2634 1570 2664 la
1587 2633 1773 2664 fondation

282 2674 324 2703 de
343 2673 504 2714 l'abbaye
523 2674 565 2704 de
582 2674 732 2713 Nogent,
752 2674 812 2714 qui
830 2677 890 2705 eut
905 2674 975 2704 lieu
994 2684 1035 2704 en
1051 2677 1131 2704 1059
1147 2674 1194 2714 (p.
1212 2677 1282 2711 107,
1296 2684 1329 2704 n.
1344 2675 1373 2713 1)
1389 2684 1396 2713 ;
1423 2683 1513 2705 nous
1532 2684 1644 2705 avons
1662 2674 1707 2705 ici
1725 2684 1773 2705 un

281 2715 343 2745 des
362 2716 542 2755 exemplos
559 2715 602 2745 de
623 2717 718 2746 cette
735 2724 912 2756 croyance
936 2715 955 2745 a
977 2714 1182 2746 l'existence
1208 2715 1289 2746 d'un
1307 2716 1401 2746 culte
1425 2715 1587 2746 ehretien
1613 2718 1721 2746 avant
1741 2716 1772 2746 la

280 2756 466 2786 naissanee
483 2757 595 2786 meme
611 2757 656 2786 du
675 2756 795 2787 Christ
813 2757 860 2796 (p.
884 2760 950 2794 102,
975 2766 1008 2787 n.
1029 2756 1071 2796 3).

326 2800 335 2826 l
378 2797 424 2827 Le
445 2797 538 2835 sujet
559 2798 602 2827 de
628 2797 739 2837 refer!
764 2801 817 2828 est
840 2797 990 2828 historin
1027 2798 1302 2835 sous-entendu,
1328 2798 1346 2828 ii
1366 2798 1482 2828 moins
1502 2808 1570 2838 que
1594 2797 1771 2838 l'original

282 2838 365 2868 n‘ait
388 2838 492 2878 porte
510 2838 643 2877 refers.
