1930 3224
571 279 672 313 vnn.
708 279 906 312 summm
940 280 1050 312 viu:
1081 278 1201 310 mnan
1236 279 1247 309 1
1613 263 1668 311 33

270 428 273 438 2
290 382 392 435 fis,
424 385 682 441 postquam
731 381 802 423 hi's
851 374 951 440 quae
1005 380 1343 440 praelibavimus
1397 380 1666 429 rudimenta,

278 501 287 509 ,
317 449 562 494 dictorum
597 454 643 493 et
679 447 909 492 factorum
943 448 1243 492 inculcatione
1287 448 1575 506 praestiterat,
1614 449 1670 493 ad

330 539 370 557 ιν
413 517 567 562 n'e'scio
603 516 944 560 Calabrosvefll
983 517 1223 570 coacessit,
1269 521 1314 559 et
1353 516 1523 560 ibidem
1566 517 1670 560 huic

267 607 315 623 ...2
331 600 403 630 m
412 586 564 630 simile
599 586 786 629 vivendi
830 602 974 644 genus
1022 585 1238 629 instituit.
1277 585 1345 628 Ibi
1380 601 1485 629 cum
1528 585 1670 628 multa

274 653 284 664 '
308 654 417 699 'tate
454 669 503 698 se
533 658 704 713 ageret,
739 659 785 697 et
829 654 1089 697 omnimoda
1134 653 1313 712 piorum
1360 655 1671 712 exemplorum

265 722 798 781 stionecircumquaque
826 723 1032 782 fulgeret,
1059 723 1116 765 ad
1155 722 1373 781 episcopii
1402 722 1671 780 dignitatem

203 790 499 851 “apostolica
514 791 631 834 «sede
643 791 892 850 quaesitus,
926 796 971 835 et
999 795 1170 845 tentus,
1197 791 1330 849 fugit,
1355 795 1400 834 et
1430 790 1670 834 seculumb

280 859 354 915 's,.
387 872 462 915 ne,
496 875 547 903 ea
581 875 683 918 quae
720 860 776 902 de
807 860 902 903 Deo
930 864 1152 919 gustarat,
1191 859 1437 912 amitteret,
1479 859 1524 902 in
1560 860 1670 903 dila-

265 941 271 966 ῑ
288 928 422 972 stanti
443 929 644 972 muneris
659 919 758 971 ⁴non
781 928 949 982 divina,
973 928 1054 972 sed
1081 927 1299 971 secularia
1317 935 1332 955 ⁰
1360 929 1608 973 recusavit.‘

262 1008 265 1010 ’
303 1025 315 1053 ,
339 996 542 1056 inquam,
573 1013 776 1056 personae
797 997 1147 1053 conversionum
1165 1001 1275 1039 tunc
1302 998 1521 1055 temporis
1540 1003 1670 1039 extu-

270 1065 535 1127 ‘primordia
583 1066 663 1109 His
698 1066 925 1109 cohaesere
966 1066 1181 1109 continuo
1221 1065 1440 1120 virorum,
1474 1065 1670 1109 femina-

267 1155 276 1173 ι
302 1148 567 1193 egreges:
603 1134 753 1177 omnis
787 1134 994 1193 protinus
1040 1134 1148 1177 ordo
1178 1134 1419 1177 concurrit.
1466 1134 1586 1187 Quid
1615 1134 1670 1176 de

241 1200 367 1247 ffius
385 1203 561 1262 loquar,
579 1219 683 1246 cum
698 1203 921 1263 decennes
933 1202 1015 1245 acd
1030 1202 1266 1245 undennes
1282 1202 1498 1245 infantuli
1510 1202 1669 1246 senilia

196 1263 500 1333 ggtamntur',
527 1275 572 1315 et
592 1272 738 1315 multo
765 1271 1055 1330 castigatiora
1081 1276 1459 1330 gererent,quam
1485 1271 1667 1314 aetatula

205 1336 234 1346 Γ
396 1339 596 1385 ἓεῖἰθδειῒ
623 1340 670 1383 in
707 1340 800 1383 illis
827 1339 1202 1383 conversionibus
1239 1340 1361 1399 quod
1388 1340 1436 1382 in
1471 1340 1670 1400 antiquis

223 1408 253 1423 ”
300 1409 455 1461 flebat
472 1409 765 1467 martyribus,
788 1414 840 1452 ut·
853 1408 998 1466 major
1016 1409 1064 1452 in
1086 1408 1394 1452 imbecillibus
1412 1409 1671 1468 tenerisque

278 1502 285 1517 ς
321 1477 331 1487 ”
378 1499 413 1518 ι,;
441 1477 723 1521 inveniretur
744 1478 851 1521 fidei
869 1477 1106 1532 vivacitas,
1137 1493 1275 1536 quam
1298 1478 1344 1520 in
1367 1477 1476 1531 illis,
1506 1478 1554 1520 in
1574 1478 1672 1537 qui-

198 1552 202 1554 ’
227 1551 251 1601 [f
257 1545 612 1606 gmndaevitatis
633 1562 684 1590 ac
705 1536 907 1589 scientiae
931 1546 1108 1589 floreret
1131 1546 1420 1589 auctoritas.
1391 1555 1407 1574 ‘³

177 1613 336 1661 mnam
372 1630 480 1674 ergo
512 1631 737 1674 nusquam
782 1615 871 1658 nisi
915 1615 963 1658 in
1007 1615 1334 1658 vetustissimis
1384 1615 1671 1659 monasteriis

211 1684 230 1739 f'
274 1707 279 1713 ⁴
303 1699 484 1728 uorum
500 1684 744 1728 haberetur
770 1684 1029 1758 aliquorum
1061 1684 1210 1737 sedes,
1242 1689 1477 1742 coeperunt
1503 1684 1671 1748 ubique

207 1752 250 1799 'i'
268 1763 387 1799 nova
404 1753 624 1808 construi,
649 1758 694 1796 et
717 1743 1035 1812 undecumque
1053 1753 1389 1796 confluentibus
1410 1753 1564 1811 magni
1585 1753 1671 1796 ali-

201 1833 206 1835 “
223 1826 417 1877 5tnrum
441 1821 648 1865 redditus
664 1822 886 1866 adhiberi.
912 1821 1088 1875 Quibus
1103 1821 1295 1866 facultas
1316 1838 1408 1865 non
1429 1822 1602 1876 aderat,
1620 1827 1672 1865 ut

199 1896 225 1948 J
253 1890 479 1935 ·diuscula
499 1890 790 1949 fabricarent,
821 1891 899 1934 alii
918 1890 1154 1944 binis,.alii
1172 1891 1421 1949 quaternis,
1451 1891 1528 1934 alii
1561 1896 1673 1950 quot

217 1965 368 2004 funt
390 1959 566 2003 alendis
589 1959 806 2008 fratribus
832 1959 992 2002 domos
1013 1975 1064 2003 ac
1081 1960 1297 2003 victualia
1315 1959 1668 2018 componebant.

212 2043 289 2072 me
310 2027 483 2091 factum
505 2033 591 2083 est,
609 2034 661 2072 ut
680 2028 728 2071 in
754 2029 889 2082 villis,
919 2029 1115 2088 oppidis,
1141 2029 1331 2071 urbibus
1355 2034 1490 2087 atque
1514 2029 1672 2087 praesi-

203 2092 302 2152 {’'‘,
289 2112 381 2141 lmo
401 2097 569 2141 etiam
558 2097 671 2156 ipsis
686 2097 879 2141 saltibus
901 2101 1038 2156 atque
1051 2098 1190 2156 agris,
1215 2098 1540 2140 monachorum
1564 2114 1674 2156 qua-

195 2164 197 2166 ’
222 2167 235 2183 ’”
250 2175 436 2234 'versum
450 2181 551 2210 sese
565 2167 816 2210 exercendo
831 2166 1119 2210 dilatantium
1131 2167 1150 2201 s
1163 2171 1347 2225 repente
1363 2167 1536 2210 fervere
1545 2167 1672 2210 vide-

241 2228 347 2280 hu·
357 2234 584 2290 examina,
620 2251 762 2294 eaque
793 2236 892 2278 loca
925 2235 1080 2278 divino
1119 2235 1303 2278 nomine
1337 2240 1383 2279 et
1411 2240 1673 2278 sanctorum

258 2301 368 2348 ibus
393 2303 657 2361 emicarent,
683 2305 728 2347 in
750 2304 916 2364 quibus
946 2309 991 2347 et
1021 2304 1164 2348 lustra
1187 2304 1383 2348 ferarum
1414 2308 1459 2348 et
1486 2305 1674 2364 speleaff

284 2378 396 2416 num
421 2373 681 2418 extiterant.

261 2436 482 2486 ‘tractabat
499 2441 520 2469 '²
563 2442 717 2501 itaque
761 2446 1060 2501 spontaneam
1105 2442 1257 2486 subire
1301 2442 1566 2502 pauperiem
1607 2447 1676 2485 tot

249 2506 388 2571 triplis
413 2510 732 2554 circumcincta
760 2511 991 2566 nobilitas,
1022 2515 1067 2554 et
1101 2511 1322 2566 coenobia,
1347 2527 1447 2569 quae
1475 2511 1671 2575 subibat,

189 2628 246 2659 νῧι
262 2621 546 2657 Calain-mnan.
567 2623 664 2657 -b.
683 2624 859 2657 saeculum
883 2624 928 2656 D.
952 2643 994 2648 —
1029 2635 1059 2657 c.
1089 2625 1283 2657 saecularia
1310 2625 1354 2656 D.
1376 2643 1416 2648 —-
1451 2625 1485 2656 d.
1512 2625 1544 2656 el
1574 2625 1618 2656 D.
1636 2643 1676 2648 —

99 2670 104 2685 ³
100 2660 430 2764 ἷιιῗιιξιίῖιῦνιίεε
455 2665 546 2699 1).-
563 2666 591 2707 s'.
617 2667 718 2699 Corr.
731 2667 776 2698 de
796 2666 842 2698 D.
876 2665 1071 2698 dilatatum
1099 2667 1183 2699 B.—
1142 2677 1229 2709 —-.9
1242 2667 1371 2709 spelaea
1395 2666 1438 2698 D.
1457 2685 1498 2689 —
1516 2666 1550 2697 h.
1574 2666 1680 2708 affec-

172 2834 239 2873 ¹1.
261 2832 480 2866 Chartreuse
495 2834 600 2867 Della
616 2834 742 2874 Turre,
762 2834 846 2876 pres
864 2834 909 2866 de
927 2834 1111 2876 Squillace
1127 2845 1171 2867 en
1190 2835 1355 2874 Calabre,
1373 2835 1502 2866 sondcc
1523 2845 1567 2866 cn
1585 2836 1676 2866 1094.
