1930 3224
595 263 692 293 VEN.
729 263 922 292 GUlBERTI
955 263 1063 291 VITAE
1094 261 1215 290 LIBER
1246 261 1292 289 111
1593 246 1677 289 '185

190 375 191 378 ’
231 354 507 405 Referuntur
529 367 574 406 et
593 362 681 405 alia
719 361 803 404 sub
850 361 1007 404 eodem
1042 365 1244 419 tempore
1272 365 1406 419 atque
1429 375 1547 418 pago
1578 376 1679 418 per-

172 435 360 490 peti-ata.

230 501 494 558 Apparuere
527 504 571 542 et
603 499 801 542 visiones
834 499 1005 542 malum
1036 498 1158 557 quod
1192 498 1476 556 praetulimus
1512 513 1674 556 praesa-

172 573 349 627 gantes.
376 568 537 611 Visum
564 573 633 610 est
662 568 840 610 cuidam
864 583 998 625 super
1029 567 1300 610 Laudunum
1327 566 1532 610 lunarem
1564 567 1678 609 ceci-

173 636 296 680 disse
327 636 531 694 globum,
567 636 688 694 quod
723 637 950 693 significat
982 636 1270 694 repentinum
1308 640 1552 678 venturum
1577 635 1679 677 urbi

172 705 416 748 defectum.
442 705 633 748 Cuidam
653 721 834 763 quoque
860 721 914 746 ex
937 705 1102 747 nostris
1129 705 1280 747 visum
1305 710 1373 747 est
1400 709 1503 747 ante
1532 719 1678 761 genua

174 773 376 817 crucifixi
409 775 455 816 in
491 773 676 821 ecclesia
723 774 872 816 Beatae
915 773 1070 816 Mariae
1106 779 1198 816 tres
1230 774 1440 830 ingentes
1479 773 1680 815 seriatim

174 842 326 886 trabes
361 843 610 901 oppositas.
656 842 800 884 Locus
839 847 992 884 autem
1030 843 1076 884 in
1119 858 1208 900 quo
1248 841 1478 884 Gerardus
1511 841 1682 883 interiit

173 926 331 954 cruore
353 911 590 954 videbatur
609 915 807 968 opertus.
834 910 1087 953 Crucifixus
1109 910 1454 953 eminentiorem
1481 910 1681 953 ecclesiae

173 994 413 1039 personam
441 979 729 1037 significavit,
755 980 826 1022 cui
855 995 957 1021 vere
990 984 1116 1022 terna
1152 979 1305 1022 trabes
1342 979 1536 1034 obstitit,
1572 979 1682 1021 dum

172 1063 342 1106 pravus
376 1048 589 1092 introitus
612 1049 641 1102 ¹,
681 1053 726 1091 et
770 1052 1021 1107 peccatum,
1064 1048 1187 1106 quod
1228 1048 1274 1090 in
1307 1048 1508 1091 Gerardo
1549 1052 1594 1090 et
1626 1047 1682 1090 ad

173 1117 384 1161 ultimum
413 1118 459 1160 in
492 1118 623 1176 plebe
659 1117 963 1171 commiserat,
995 1117 1156 1175 ingens
1190 1117 1268 1159 fini
1306 1116 1402 1174 ejus
1439 1116 1683 1159 offendicu-

174 1186 270 1229 lum
290 1186 499 1245 praebuit.
529 1187 674 1229 Locus
698 1186 774 1229 ille
796 1186 840 1228 in
865 1202 953 1244 quo
974 1185 1145 1229 obierat
1177 1186 1397 1243 sanguine
1427 1185 1679 1242 tegebatur,

175 1255 284 1298 dum
318 1260 572 1314 perpetrata
610 1255 874 1313 malignitas
910 1254 1035 1297 nulla
1075 1254 1358 1312 poenitudine
1397 1254 1679 1297 abolebatur.

236 1324 554 1367 Audiebantur
578 1329 810 1382 praeterea,
838 1323 954 1366 siout
985 1339 1007 1366 a
1042 1323 1276 1365 monachis
1303 1323 1459 1366 Sancti
1487 1323 1683 1365 Vincen-

178 1393 231 1436 tii
251 1392 403 1446 didici,
433 1398 478 1435 et
509 1393 736 1436 tumultus
771 1393 971 1450 quidam,
1005 1397 1056 1435 ut
1078 1391 1347 1450 {putabatur,
1378 1391 1683 1450 malignorum

179 1461 436 1520 spirituum,
464 1467 508 1505 et
531 1461 704 1520 species
731 1461 1043 1504 incendiorum
1080 1461 1126 1503 in
1152 1476 1253 1503 aere
1292 1461 1527 1503 nocturnis
1560 1460 1683 1502 horis

175 1531 222 1573 in
243 1530 371 1574 urbe.
406 1530 554 1573 Natus
575 1535 643 1573 est
671 1530 809 1573 etiam
829 1525 934 1573 ante
955 1530 1129 1588 aliquot
1155 1530 1252 1572 dies
1273 1545 1384 1587 puer
1394 1529 1606 1586 geminus
1633 1536 1684 1571 aa

177 1599 310 1642 clune
350 1598 558 1657 superius
599 1599 782 1651 ibidem,
826 1599 914 1641 duo
959 1598 1132 1641 scilicet
1170 1598 1343 1641 habens
1382 1598 1546 1656 capita,
1595 1598 1684 1640 duo

175 1683 319 1726 usque
342 1668 399 1711 ad
422 1683 552 1710 renes
582 1684 684 1710 cum
716 1668 811 1710 suis
841 1668 1036 1710 brachiis
1070 1667 1241 1710 habens
1271 1680 1486 1724 corpora:
1517 1667 1684 1724 duplex

177 1752 285 1795 ergo
307 1737 532 1795 superius,
555 1736 743 1779 inferius
767 1737 960 1795 simplex
983 1741 1092 1779 erat.
1120 1735 1412 1794 Baptisatusb
1431 1735 1583 1793 itaque
1607 1735 1684 1778 tri-

177 1805 266 1848 duo
287 1821 466 1864 quoque
487 1805 616 1848 vixit.
644 1805 788 1848 Multa
812 1805 1006 1864 denique
1033 1810 1078 1848 et
1106 1806 1205 1847 visa
1238 1809 1345 1847 sunt
1377 1809 1422 1847 et
1455 1804 1684 1862 contigere

176 1878 403 1933 portenta,
418 1875 473 1917 de
486 1873 650 1932 quibus
668 1874 855 1916 minime
871 1874 1201 1932 ambigebatur,
1219 1874 1366 1932 quod⁰
1385 1873 1684 1932 praecinerent

178 1943 348 1986 malum
374 1942 488 1985 illud
510 1943 758 1986 maximum
779 1943 901 2002 quod
919 1942 1206 2002 sequebatur.

750 2125 968 2183 [CAPUT
1011 2125 1114 2184 xli]
1162 2094 1164 2096 ¹

240 2277 506 2335 Postquam,
540 2276 688 2333 sopito
726 2275 1054 2334 aliquantisper
1088 2276 1284 2329 turbine,
1325 2276 1511 2318 ecclesia
1548 2276 1686 2334 coepit

176 2345 456 2404 pedetentim
498 2345 764 2387 clericorum
802 2345 1043 2387 restaurari
1078 2344 1245 2398 studio,
1290 2345 1505 2403 quoniam
1548 2344 1687 2402 igitur

175 2414 322 2473 paries
350 2413 445 2467 ille,
468 2429 557 2471 quo
590 2414 818 2474 Gerardus
832 2412 928 2466 dm,
952 2418 1137 2470 propter
1162 2413 1256 2455 vim
1287 2413 1483 2456 incendii
1503 2413 1680 2456 caeteris

176 2482 456 2526 debilitatior
478 2482 732 2535 videbatur,
777 2497 905 2524 arcus
937 2482 1158 2540 quosdam
1191 2482 1309 2524 inter
1346 2482 1498 2539 ipsum
1539 2482 1685 2540 parie-

220 2606 252 2628 ει.
278 2605 434 2637 manque
452 2595 496 2628 D.
519 2614 560 2618 —
582 2595 617 2627 b.
636 2594 848 2636 Baptizatus
866 2595 910 2626 D.
927 2604 1005 2626 -c.
1025 2594 1118 2637 quin
1133 2594 1177 2627 D.
1194 2594 1280 2626 —d.
1307 2595 1449 2627 Lacune
1462 2595 1506 2627 D.
1527 2605 1686 2636 propose

181 2637 400 2678 interfectus
415 2638 479 2669 est.

223 2781 252 2810 1.
280 2778 436 2809 Guibert
453 2778 518 2810 fait
535 2779 693 2810 allusion
711 2778 730 2808 a
748 2779 781 2810 la
799 2778 906 2816 facon
934 2788 1003 2819 peu
1027 2779 1229 2820 canonique
1248 2780 1338 2810 dont
1348 2779 1482 2810 Gaudri
1500 2778 1591 2810 etait
1610 2789 1687 2819 par-

184 2829 278 2851 venu
298 2820 317 2851 a
334 2819 492 2851 l'eveche
509 2820 553 2851 de
573 2821 682 2851 Laon.
