1930 3224
277 244 331 286 82
680 260 777 288 VEN.
814 259 1007 289 Gmssfflzri
1040 260 1147 290 vlu:
1178 262 1299 290 Lmen
1330 263 1342 290 1

274 360 318 398 et
332 357 644 399 convenientia
671 357 860 400 obituris
893 358 1188 415 explevimus.
1220 359 1318 411 Quo
1349 360 1483 412 facto,
1514 360 1760 415 hominem,

271 429 322 466 ut
348 425 583 467 monastici
608 425 744 467 moris
771 431 856 478 est,
883 426 1027 468 cilicio
1055 428 1354 485 suppositum,
1380 433 1430 470 ut
1456 428 1693 472 videbatur
1714 430 1760 472 in

271 493 484 534 extremis
513 492 782 535 stridoribus
804 493 879 535 vix
903 493 1146 548 efflantem,
1179 495 1461 553 reliquimus,
1505 497 1577 538 cui
1613 486 1766 540 nullus

270 560 427 609 vitam,
459 576 614 602 onmes
642 561 789 602 solum
817 567 1085 618 praemortuo
1115 562 1220 604 mox
1253 563 1465 605 ultimum
1503 564 1764 608 lavachrum

269 627 617 684 spondebamus.
656 629 748 670 Nec
776 644 915 680 mora,
956 629 1085 671 nobis
1118 630 1401 684 abeuntibus,
1432 631 1507 673 ille
1537 632 1759 689 respirat3

267 696 461 752 priorem
492 695 614 753 (nam
637 696 775 738 abbas
805 697 976 752 aberat)
1003 703 1188 750 evocat;
1215 698 1269 741 de
1291 714 1342 740 eo
1377 699 1493 756 quod
1525 698 1763 742 fraudave-

268 768 351 816 rat,
376 768 419 804 et
439 763 511 805 cui
537 764 743 805 fraudem
767 764 1069 817 commiserat,
1094 765 1274 808 indicat.
1304 766 1445 820 Dixit,
1479 771 1523 809 et
1559 782 1583 809 a
1609 767 1758 824 priore

267 831 548 873 absolutione
596 836 790 888 recepta,
827 837 930 889 post
959 833 1192 890 paululum
1237 835 1439 891 repetitis
1484 834 1758 892 singultibus

265 899 500 956 expiravit.
532 899 637 941 Erat
660 899 781 956 prior
801 904 906 942 tunc
930 901 1144 958 temporis
1174 902 1389 958 magister
1426 917 1568 956 meus,
1595 903 1649 945 de
1669 918 1758 961 quo

265 970 428 1027 saepius
464 985 563 1026 ago,
598 971 711 1012 Ecce
750 971 1066 1014 misericordiae
1103 972 1285 1014 Domini
1317 972 1488 1026 multae,
1524 973 1629 1030 quia
1663 989 1755 1016 non

265 1054 419 1079 sumus
449 1038 703 1095 consumpti
726 1038 755 1090 1,
795 1039 871 1096 qui
907 1054 1041 1096 quem
1073 1040 1172 1082 vult
1193 1039 1352 1082 liberat
1375 1041 1428 1082 de
1465 1056 1538 1083 ore
1565 1046 1756 1099 angusto

263 1105 499 1149 latissime.
775 1112 778 1115 '
1115 1124 1117 1126 ¹

320 1174 487 1215 Exacto
506 1174 644 1231 igitur
667 1190 691 1215 a
709 1174 1008 1231 praesentibus
1035 1175 1232 1227 homine,
1266 1176 1455 1232 quaestio
1479 1176 1679 1234 pecuniae
1705 1176 1752 1219 in

261 1242 479 1283 famulum
523 1247 614 1284 tota
641 1231 930 1284 devolvitur.
971 1242 1070 1300 Ipse
1108 1247 1260 1285 autem
1299 1259 1494 1285 massam
1532 1244 1657 1286 illam
1699 1245 1744 1298 in

261 1310 475 1352 stramine
496 1325 710 1351 cunarum
728 1310 964 1367 cujusdam
996 1326 1087 1352 suae
1120 1311 1318 1367 parvulae
1347 1310 1532 1354 infantis
1561 1311 1748 1354 abscon-

260 1380 398 1421 derat.
430 1379 493 1420 At
522 1382 668 1429 nocte,
705 1394 807 1420 cum
837 1377 985 1419 infans
1018 1378 1220 1420 cubitum
1256 1379 1491 1433 locaretur,
1526 1394 1627 1422 ecce
1659 1379 1744 1422 dae-

259 1461 414 1487 mones
442 1446 585 1487 instar
623 1446 871 1487 catulorum
905 1461 927 1486 a
966 1445 1102 1487 latere
1138 1451 1182 1487 et
1220 1462 1245 1487 a
1283 1451 1409 1503 tergo
1446 1445 1668 1501 insiliunt,
1695 1453 1747 1490 ‘et

258 1514 360 1556 hinc
384 1515 487 1555 inde
513 1514 797 1555 circumcirca
819 1513 1068 1570 pulsantes,
1102 1518 1146 1555 et
1166 1513 1437 1571 aliquotiens
1463 1515 1744 1569 vellicantes,

258 1583 302 1623 in
330 1582 546 1623 clamores
568 1586 610 1623 ct
630 1582 880 1637 lacrymasa
907 1581 1207 1625 concitabant.
1237 1582 1439 1640 Cumque
1469 1583 1525 1625 ab
1555 1587 1746 1642 utroque

255 1650 606 1706 interrogaretur
623 1649 730 1706 quid
750 1650 892 1702 fleret,
912 1665 935 1690 a
960 1649 1120 1690 catulis
1139 1664 1185 1691 se
1200 1648 1406 1692 '’comedi
1428 1650 1740 1708 respondebat.

255 1719 366 1759 Tum
388 1723 545 1769 mater,
560 1733 658 1774 quae
680 1717 835 1759 matris
856 1732 963 1758 meae
984 1717 1142 1758 ancilla
1160 1722 1204 1759 et
1219 1717 1460 1774 aliquando
1475 1718 1742 1776 pedissequa

253 1786 478 1838 extiterat,
532 1785 587 1826 ad
635 1785 779 1842 ipsam
824 1785 1052 1826 dominam
1100 1800 1245 1837 suam,
1292 1791 1482 1828 matrem
1528 1786 1738 1829 videlicet

253 1869 414 1906 meam,
452 1853 692 1904 concurrit,
730 1852 929 1909 deposita
967 1853 1041 1894 illa
1089 1852 1285 1894 nefaria⁰
1319 1853 1438 1911 apud
1465 1869 1511 1896 se
1544 1855 1740 1912 reposita

250 1922 374 1973 dicit,
401 1926 445 1962 et
471 1920 655 1962 infantis
691 1936 781 1962 suae
815 1919 1055 1962 discrimen
1082 1920 1127 1961 in
1163 1922 1414 1963 catulorum
1447 1921 1738 1965 distractione

250 1989 496 2045 subjungit.
541 1987 623 2030 Cui
660 1988 733 2030 illa
772 2002 780 2032 :
822 2006 841 2026 «
883 1988 1022 2040 Scias,
1062 1988 1223 2045 inquit,
1259 1989 1486 2031 daemones
1514 2004 1629 2043 esse,
1659 1990 1737 2048 qui

248 2073 381 2114 super
396 2056 471 2098 illa
497 2056 715 2098 diabolica
742 2056 928 2113 pecunia
943 2056 1261 2112 jocundantur,
1298 2060 1342 2098 et
1372 2057 1411 2098 ei
1446 2057 1575 2114 quasi
1602 2073 1734 2100 suum

249 2129 621 2181 recognoscentes
644 2124 828 2166 instant.
865 2142 884 2162 »
919 2124 1014 2165 Hoc
1038 2124 1226 2165 maritus
1259 2124 1455 2180 cognito,
1491 2124 1595 2167 licet
1620 2125 1735 2167 invi-

245 2198 335 2245 tus,
361 2192 465 2234 licet
479 2191 499 2217 ‘1
516 2191 707 2248 plurima
721 2191 956 2233 vexatione
970 2196 1201 2244 vexatusp,
1222 2196 1270 2233 ut
1284 2191 1561 2245 sicdixerim,
1577 2208 1656 2235 seu
1668 2193 1730 2246 vi,

246 2276 324 2302 seu
347 2260 479 2312 clam,
509 2275 588 2301 seu
611 2259 824 2316 precario,
851 2259 971 2300 istud
996 2259 1115 2316 quod
1145 2259 1444 2316 repetebatur,
1482 2260 1653 2313 effudit,
1690 2265 1735 2303 et

244 2329 499 2370 daemonum
540 2342 674 2385 quam
718 2327 905 2384 proinde
955 2326 1208 2383 patiebatur
1257 2327 1592 2370 infestationem
1642 2343 1732 2370 non

243 2396 398 2438 tacuit.
426 2395 699 2437 Audivimus
723 2395 825 2452 quia
856 2395 927 2436 cui
956 2394 1056 2437 vult
1091 2395 1211 2436 Deus
1239 2395 1491 2448 miseretur,
1524 2399 1570 2438 et
1597 2410 1732 2452 quem

304 2535 336 2557 a.
363 2525 566 2566 lachrymas
587 2524 631 2556 D.
650 2541 690 2546 —
713 2523 747 2555 b.
774 2533 809 2555 se
827 2534 847 2555 a
868 2523 998 2554 catulis
1022 2524 1065 2555 D.
1084 2541 1125 2546 —
1140 2533 1168 2554 c.
1189 2523 1332 2563 rufaria
1358 2523 1402 2562 D,
1426 2534 1466 2555 ce
1483 2524 1542 2564 qui
1569 2534 1588 2556 a
1611 2524 1730 2557 induit

241 2567 409 2607 Ducange
429 2567 571 2607 (Gloss.‚
592 2568 616 2596 t.
641 2565 684 2604 V,
705 2576 738 2605 p.
758 2568 829 2603 818,
858 2566 925 2596 col.
945 2568 974 2605 3)
1000 2565 1019 2595 a
1047 2565 1219 2605 imaginer
1240 2565 1272 2596 le
1300 2575 1381 2596 sens
1401 2566 1445 2596 de
1468 2566 1634 2598 monnaie
1651 2566 1727 2597 d'or

241 2608 387 2649 (rusus).
405 2627 446 2630 —
459 2607 493 2638 d.
520 2610 552 2639 el
571 2607 614 2638 D.
635 2625 676 2630 —
692 2617 721 2638 e.
744 2606 926 2637 cruciatus
945 2606 987 2637 D.

281 2787 307 2814 1.
335 2783 385 2814 Cf.
404 2783 561 2814 Lamenl.
580 2781 767 2820 Jeremiae,
789 2781 851 2818 111,
872 2785 921 2812 22.
