1930 3224
303 239 387 281 214
687 254 783 283 VEN.
821 253 1011 281 erumpam
1047 253 1152 282 vi'rAE
1184 253 1303 281 mmm
1336 254 1378 281 111

301 353 421 410 quod
446 372 464 391 «
491 352 613 394 eritis
635 370 654 390 »
679 351 952 407 significaret
975 369 994 390 «
1021 351 1254 393 haereticos
1282 369 1300 390 »
1340 351 1616 406 aestimabat3
1651 356 1782 410 puta-

301 420 378 462 bat
398 421 534 462 etiam
555 419 674 477 quod
698 419 891 461 haeretici
912 419 1179 471 dicerentur,
1204 420 1330 477 quasi
1355 420 1641 473 hoereditarii,
1665 420 1786 463 haud

301 489 489 530 dubium
513 488 620 546 quin
642 488 738 530 Dei.
771 487 883 530 Cum
911 502 1016 544 ergo
1045 487 1376 530 discuterentur
1405 487 1511 544 quid
1537 488 1782 540 crederent,

301 556 668 598 christianissime
686 555 1029 612 responderunt,
1050 555 1360 598 conventicula
1376 560 1528 598 tamen
1542 571 1630 598 non
1646 559 1784 614 nega—

302 630 421 666 runt.
449 625 512 665 At
536 623 639 681 quia
663 623 823 665 talium
849 628 916 665 est
949 638 1128 679 negare,
1164 628 1207 665 et
1233 639 1407 680 semper
1431 622 1642 666 hebetum
1665 624 1782 667 clam

303 692 434 733 corda
484 691 711 744 seducere,
748 691 912 733 addicti
957 696 1062 733 sunt
1090 691 1258 748 judicio
1298 691 1556 734 exorcizatae
1604 707 1732 750 aquae
1749 691 1779 735 ¹.

304 759 506 816 Cumque
527 759 570 800 in
599 759 695 816 ipso
719 763 936 816 apparatu
962 764 1165 816 rogasset
1188 775 1256 801 me
1283 759 1534 817 episcopus,
1560 764 1610 802 ut
1635 759 1692 802 ab
1717 760 1784 802 eis

304 832 472 869 secreto
509 827 615 884 quid
641 827 859 868 sentirent
888 826 1110 879 elicerem,
1139 831 1183 869 et
1209 827 1272 869 eis
1304 827 1523 884 baptisma
1546 827 1785 886 infantium

302 911 613 953 proponerem,
638 895 874 938 dixerunt:
898 914 917 934 «
941 894 1027 946 Qui
1041 895 1277 937 crediderit
1292 900 1336 938 et
1355 895 1608 953 baptisatus
1632 894 1781 949 fuerit,

308 963 461 1020 salvus
487 963 569 1004 erit
596 981 615 1002 »
640 964 671 1005 ἱ).
704 962 906 1019 Cumque
928 963 971 1004 in
1007 962 1124 1004 bona
1154 963 1374 1005 sententia
1401 978 1610 1019 magnam
1646 979 1788 1021 quan·-

302 1038 403 1074 tum
418 1031 473 1072 ad
497 1031 618 1088 ipsos
633 1031 933 1090 intelligerem
952 1031 1088 1072 latere
1105 1031 1368 1088 nequitiam,
1390 1031 1664 1088 interrogavi
1679 1030 1787 1090 quid

305 1103 515 1157 putarent
539 1115 672 1156 super
693 1099 762 1140 his
786 1099 862 1156 qui
878 1098 960 1140 sub
981 1099 1171 1140 aliorum
1192 1099 1277 1140 fide
1298 1098 1596 1157 baptisantur.
1615 1099 1673 1142 Et
1692 1098 1784 1143 illi:

307 1186 326 1206 «
364 1168 551 1224 Propter
591 1168 734 1208 Deum
775 1182 829 1208 ne
867 1182 950 1208 nos
991 1167 1100 1208 adeo
1146 1166 1363 1225 profunde
1400 1167 1586 1209 scrutari
1620 1166 1785 1211 velitis.

276 1225 280 1231 ’
308 1235 469 1278 Itidem
493 1235 548 1276 ad
569 1235 744 1292 singula
771 1235 964 1292 capitula
988 1235 1218 1288 addentes,
1248 1250 1331 1276 nos
1350 1235 1499 1277 omnia
1523 1250 1621 1292 quae
1641 1235 1789 1278 dicitis

306 1303 542 1345 eredimus
568 1321 587 1341 »
603 1303 724 1344 Tune
746 1303 982 1344 recordans
1009 1318 1164 1344 versus
1184 1303 1319 1356 illius,
1338 1303 1383 1344 in
1397 1318 1532 1360 quem
1550 1302 1789 1345 Priscillia-

306 1373 434 1412 nistae
458 1372 474 1398 3
498 1371 604 1412 olim
629 1376 961 1423 consenserant,
990 1371 1185 1414 scilicet:

511 1466 632 1518 Jura,
664 1466 838 1523 perjura
868 1470 1089 1507 secretum
1110 1466 1294 1523 perdere
1321 1474 1338 1492 ³
1362 1466 1454 1508 noli
1480 1466 1522 1510 4:

306 1561 397 1602 dixi
419 1561 473 1602 ad
500 1561 759 1618 episcopum
779 1574 787 1603 :
813 1579 832 1599 «
865 1560 1089 1612 Quoniam
1113 1565 1250 1602 testes
1271 1561 1450 1614 absunt,
1481 1561 1558 1618 qui
1584 1575 1659 1603 eos
1682 1560 1790 1603 talia

307 1629 659 1686 dogmatizantes
703 1629 952 1680 audierunt,
998 1633 1143 1685 coepto
1191 1644 1266 1670 eos
1307 1629 1497 1671 addicite
1542 1627 1712 1686 judicio
1749 1646 1786 1671 ».

307 1697 412 1738 Erat
441 1697 561 1739 enim
589 1701 790 1738 matrona
817 1697 1036 1753 quaedam,
1063 1712 1197 1754 quam
1221 1712 1299 1753 per
1322 1712 1487 1738 annum
1512 1696 1791 1739 clementius

307 1765 670 1818 dementaverat,
692 1769 784 1806 erat
809 1769 853 1806 et
877 1764 1091 1806 diaconus
1117 1765 1314 1822 quidam,
1339 1765 1415 1822 qui
1441 1780 1495 1806 ex
1523 1764 1695 1823 praefati
1717 1780 1791 1807 ore

308 1834 393 1875 alia
416 1833 611 1890 capitula
634 1833 830 1889 maligna
857 1833 1072 1875 audierat.

367 1901 530 1942 Missas
562 1901 711 1958 itaque
753 1901 844 1957 egit
885 1901 1136 1958 episcopus,
1172 1901 1226 1942 de
1265 1901 1392 1958 cujus
1430 1916 1566 1942 manu
1604 1900 1687 1943 sub
1722 1901 1792 1943 his

308 1968 457 2010 verbis
493 1984 615 2010 sacra
656 1974 981 2026 sumpserunt:
1024 1987 1042 2004 «
1094 1969 1265 2026 Corpus
1304 1974 1346 2010 et
1386 1969 1571 2026 sanguis
1611 1969 1791 2011 Domini

308 2037 455 2078 veniat
484 2036 611 2078 vobis
639 2037 693 2078 ad
723 2037 1031 2093 probationem
1061 2037 1206 2079 hodie.
1242 2055 1261 2076 »
1286 2037 1383 2088 Quo
1404 2037 1537 2089 facto,
1561 2037 1789 2094 piissimus

307 2105 542 2162 episcopus
569 2109 612 2146 et
645 2105 803 2147 Petrus
839 2105 1192 2158 archidiaconus,
1232 2100 1301 2147 v'ir
1335 2105 1421 2147 fide
1456 2105 1785 2161 integerrimus,

350 2226 381 2248 a.
405 2217 557 2257 prodere
576 2217 617 2248 Ι).

351 2370 379 2396 1.
406 2366 450 2397 Le
468 2365 610 2397 Rituale
628 2365 784 2397 ecclesiae
802 2365 1075 2405 suessionensis,
1094 2367 1203 2405 Paris,
1229 2367 1406 2406 Soissons,
1432 2369 1522 2405 1856,
1539 2366 1638 2405 in-40,
1662 2376 1697 2407 p.
1723 2367 1794 2405 241,

309 2408 423 2438 decrit
443 2409 536 2438 cette
557 2407 769 2438 ceremonie.

351 2453 379 2480 2.
405 2449 512 2486 Marc,
533 2448 627 2485 XVI,
654 2452 691 2479 16
714 2459 720 2479 :
749 2462 762 2476 «
789 2449 857 2485 Qui
894 2450 1099 2487 crediderit,
1125 2452 1160 2481 et
1184 2450 1384 2490 baptizatus
1411 2449 1531 2485 fuerit,
1564 2449 1684 2479 salvus
1703 2449 1793 2480 erit:

309 2491 367 2530 qui
385 2500 468 2520 vero
484 2500 555 2520 non
573 2490 777 2528 crediderit,
794 2491 1104 2522 condemnabitur.
1130 2505 1143 2518 υ

350 2535 379 2561 3.
406 2531 508 2562 Secte
532 2531 739 2562 chretienne
765 2533 969 2571 espagnole,
1000 2532 1130 2563 fondee
1152 2542 1217 2572 par
1239 2532 1451 2570 Priscillien,
1483 2531 1618 2572 eveque
1639 2531 1793 2569 d'Avila,

309 2583 352 2602 au
373 2580 420 2602 1v⁰
444 2573 566 2609 siecle,
593 2583 629 2603 se
659 2573 862 2604 rattachant
885 2583 952 2603 aux
980 2574 1220 2611 Manicheens,
1249 2584 1291 2603 au
1319 2573 1420 2613 point
1446 2573 1489 2603 de
1512 2583 1580 2603 vue
1603 2573 1793 2610 doctrinal,

310 2614 397 2644 mais
416 2617 525 2654 ayant
545 2616 653 2645 avant
670 2616 751 2645 tout
774 2615 949 2654 entrepris
978 2616 1009 2646 la
1034 2615 1187 2646 reforme
1211 2615 1257 2645 du
1279 2615 1522 2645 catholicisme
1540 2614 1719 2654 espagnol.
1739 2613 1791 2660 Cf..

310 2656 351 2685 Α.
373 2655 501 2689 ΡυεοΙι,
522 2657 610 2686 dans
625 2655 656 2685 le
673 2655 827 2686 Journal
845 2656 906 2686 des
920 2658 1074 2694 savants,
1094 2657 1174 2695 sev„
1196 2666 1269 2686 avr.
1290 2660 1326 2687 ct
1340 2656 1409 2686 mai
1427 2659 1518 2686 1891.

351 2698 379 2726 4,
405 2697 505 2727 Saiut
529 2697 707 2736 Augustin
732 2707 750 2727 a
774 2697 862 2727 luttc'¹
886 2708 973 2728 avec
1001 2698 1162 2728 violence
1192 2699 1317 2728 contre
1346 2697 1397 2727 les
1432 2696 1734 2727 priscillianistes.
1764 2695 1792 2726 Il

308 2740 475 2808 iiapporte
494 2740 586 2768 cette
605 2738 725 2777 parole
750 2738 792 2768 (lc
818 2738 849 2768 la
877 2741 973 2769 secte
989 2749 1032 2769 au
1057 2749 1086 2769 c.
1117 2750 1181 2769 Lxx
1211 2739 1257 2770 du
1282 2739 1332 2772 De
1359 2738 1556 2771 haeresibus
1580 2738 1723 2778 (Migne,
1751 2736 1790 2768 P.

320 2800 359 2817 4.,
379 2781 404 2809 t.
426 2781 474 2812 42,
500 2780 568 2809 col.
601 2780 664 2819 44).
