1930 3224
583 251 686 282 vnn.
722 250 918 281 emnam!
950 252 1059 282 vrrAE:
1091 252 1214 281 mnan
1246 253 1260 280 1
1618 237 1674 282 39

165 351 291 406 Erat,
323 355 467 396 testor
494 352 658 406 Deum,
684 355 793 395 tunc
819 353 1038 411 temporis
1061 351 1206 410 majOr
1238 352 1284 394 in
1321 352 1432 395 viris
1452 352 1675 395 feminas⁸

164 418 435 467 ducentibus
460 421 620 479 pudor,
650 420 697 463 in
723 424 902 478 tantum
929 425 980 464 ut
999 421 1146 464 videri
1174 421 1293 464 inter
1319 421 1413 464 haec
1440 421 1676 464 erubesce-

163 493 282 544 ζωή,
314 503 451 548 quam
484 489 618 532 modo
657 489 703 531 in
732 488 1017 533 nubentibus
1044 490 1227 532 feminis
1244 489 1266 517 ¹²
1289 489 1538 533 habeatur:
1560 506 1674 548 quos

54 561 103 614 ..ᾖξε
162 561 285 606 eei-te
305 557 394 600 ista
415 558 669 602 verecunda
690 558 897 615 negociac
906 557 1203 616 jactantiores
1227 564 1272 602 et
1295 558 1379 601 fori
1394 558 1416 586 ⁰¹
1431 574 1482 602 ac
1504 558 1673 618 publici

165 626 442 674 amantiores
463 626 680 670 efficiunt.

204 694 287 741 L't
316 694 427 754 quid
462 694 571 750 lunc:
593 691 785 738 Dom'ine
814 695 937 738 Deus
959 711 1104 750 meus,
1137 696 1225 738 nisi
1257 696 1362 755 quia
1385 696 1486 739 ideo
1520 697 1673 739 nullus

159 777 301 822 super
321 779 402 807 sua
422 764 608 807 levitate
637 779 688 806 ac
712 763 899 807 lascivia
929 765 1169 817 erubescit,
1201 764 1323 823 quod
1350 781 1508 811 omnes
1530 766 1672 810 teneri

26 878 31 885 ‚
55 831 82 890 ’,Ι
120 851 123 853 ’
161 831 251 882 nub
272 832 370 892 pari
391 835 499 876 nota
523 821 781 891 conspicit?
801 833 859 875 Et
885 849 987 876 cum
1022 833 1105 876 sub
1129 833 1288 876 eodem
1314 834 1495 890 affectu,
1536 850 1671 894 quem

27 957 30 960 ⁴
52 952 64 958 ,.
163 899 334 953 hubent
370 916 544 956 omnes,
578 917 693 960 pene
728 914 870 959 agere
902 902 1084 955 sentiat,
1133 902 1270 956 unde,
1310 918 1480 960 quaeso
1532 903 1672 946 studii

55 983 104 1025 ,,;·”ζ
158 969 297 1027 hnjus
310 985 415 1013 eum
437 970 620 1028 pudeat,
647 970 705 1013 ad
730 970 852 1029 quod
873 971 1126 1029 coaspirare
1149 976 1337 1013 caeteros
1363 971 1547 1015 videat?
1582 972 1672 1015 Sed

156 1042 243 1083 'eur
266 1037 368 1082 dieo
387 1039 571 1097 pudeat,
594 1054 697 1082 cum
719 1039 804 1082 hoc
826 1039 977 1082 solum
1009 1039 1177 1083 talibus
1210 1039 1270 1082 sit
1295 1039 1473 1098 pudori,
1498 1040 1536 1082 si
1569 1041 1672 1099 quis

53 1101 63 1140 ἶ
160 1121 319 1153 eorum
343 1107 391 1150 in
417 1107 718 1167 exemplanda
741 1107 930 1151 libidine
950 1108 1102 1151 minus
1130 1108 1363 1151 emineat?
1385 1109 1479 1151 Nec
1499 1109 1671 1152 detinet

159 1187 243 1237 pro
268 1190 475 1220 amorum
501 1192 708 1231 numero,
747 1181 826 1220 aut
847 1178 1014 1220 selecta
1045 1193 1182 1245 qua-m
1202 1177 1372 1220 alexit1
1403 1178 1552 1235 specie
1585 1178 1670 1220 ali-

71 1220 79 1227 -
98 1235 99 1238 Ἴ
161 1256 298 1305 quem
311 1245 486 1304 privata
500 1245 736 1304 jactantia,
754 1261 901 1304 neque
916 1250 1207 1304 contemptus
1224 1251 1294 1289 est
1311 1262 1363 1289 eo
1379 1246 1672 1303 singulariter

160 1307 282 1374 apud
306 1318 354 1358 te
378 1314 650 1359 intumuisse
677 1315 800 1373 quod
823 1319 960 1370 amat,
991 1315 1070 1358 sed
1097 1331 1385 1358 communem
1418 1316 1671 1372 corruptio-

159 1396 266 1434 nem
301 1383 541 1442 magnifico
585 1384 706 1442 apud
743 1383 983 1426 universos
1022 1382 1176 1427 favore
1212 1383 1514 1428 concelebrat.
1555 1385 1669 1427 Ecce

154 1450 347 1507 elamor,
381 1451 492 1496 dum
531 1452 654 1511 quod
696 1452 953 1496 verecunde
991 1453 1084 1509 tegi
1126 1452 1359 1506 debuerat,
1402 1453 1511 1495 dum
1548 1454 1670 1511 quod

153 1520 435 1571 medentia
462 1520 708 1565 debilitatae
734 1521 957 1564 castitatis
980 1527 1180 1575 accusat,
1213 1527 1257 1565 et
1275 1522 1459 1564 omnino
1477 1522 1670 1579 deprimi

44 1592 83 1640 ..ᾗ
101 1614 103 1618 κ
155 1587 347 1649 dignum
358 1594 470 1645 erat,
505 1589 687 1633 effrenie
700 1605 780 1648 per
799 1590 1007 1633 inolitam
1021 1591 1259 1648 pravitatis
1274 1590 1502 1633 licentiam
1517 1591 1667 1633 animo

155 1662 325 1717 eterno
344 1658 651 1703 damnandam
676 1658 859 1701 silentio
874 1659 1116 1716 impudens
1131 1659 1233 1717 quis
1253 1659 1340 1702 huc
1361 1659 1560 1716 illucque
1573 1660 1667 1717 jam

153 1719 384 1786 praedi‘cat.
410 1728 510 1771 Hoc
527 1732 572 1771 et
591 1728 727 1786 hujus
747 1727 887 1770 simili
908 1728 1042 1770 modo
1059 1728 1327 1770 modernum
1351 1729 1436 1770 hoc
1452 1730 1668 1771 saeculum

153 1796 460 1855 corrumpitur
507 1801 552 1840 et
591 1797 856 1854 corrumpit,
906 1796 1015 1839 dum
1059 1797 1175 1839 male
1205 1802 1421 1854 concepta
1467 1797 1513 1838 in
1553 1797 1668 1839 alios

154 1865 343 1923 spargit,
366 1878 575 1923 sparsum
599 1866 737 1909 etiam
769 1881 914 1924 usque
951 1866 996 1907 in
1035 1866 1265 1908 infinitum
1294 1866 1502 1909 traducta
1535 1865 1667 1908 foedi-

153 1924 249 1983 tate
270 1938 549 1992 propagatur
567 1934 613 1976 in
634 1934 816 1978 alteros

203 2003 338 2046 ‘Deus
376 2007 548 2056 sancte,
589 2003 705 2045 nihil
755 2018 869 2061 pene
908 2003 1071 2045 horum
1110 2018 1162 2045 eo
1199 2008 1418 2062 tempore,
1456 2019 1547 2061 quo
1589 2003 1664 2046 illa

154 2070 323 2118 famula
333 2075 412 2115 tua
427 2071 492 2114 sic
511 2071 690 2129 agebat,
708 2072 886 2130 uspiam
899 2071 1182 2125 audiebatur,
1196 2072 1357 2114 immor
1368 2077 1666 2115 sacrosanctae

153 2140 440 2184 verecundiae
460 2140 601 2198 pallio
624 2145 671 2183 et
690 2141 959 2198 tegebantur
976 2141 1179 2198 indigna,
1210 2157 1261 2183 ac
1290 2141 1451 2184 idonea
1478 2157 1666 2183 corona-

153 2207 366 2253 banturv.
398 2210 449 2252 ln
469 2209 564 2264 illo,
593 2209 802 2262 Domine,
830 2210 1068 2268 septennio
1086 2210 1325 2266 virginitas
1347 2210 1441 2262 illa,
1465 2225 1599 2267 quam
1616 2214 1664 2252 tu

152 2277 198 2321 in
232 2293 281 2321 ea
317 2278 505 2322 mirifice
543 2278 837 2333 continuasti,
880 2278 966 2321 sub
1001 2278 1250 2321 innumeris
1293 2279 1665 2337 oppressionibus

131 2390 133 2394 ’
191 2401 224 2424 a.
240 2390 406 2431 foeminas
423 2391 514 2424 D.—
529 2391 565 2424 b.
582 2391 742 2432 foeminis
758 2392 847 2424 D.-
862 2402 891 2424 c.
917 2391 1061 2434 neyotia
1076 2392 1172 2423 D.—
1190 2392 1222 2423 d.
1238 2392 1463 2423 Au-dessous
1481 2392 1508 2423 Β
1524 2402 1530 2423 :
1552 2406 1566 2420 «
1584 2403 1665 2423 auc-

151 2435 210 2466 tor
239 2433 348 2475 hujus
379 2435 559 2465 tractatus
594 2435 650 2465 est
684 2433 877 2465 Wibertus
911 2444 974 2465 seu
1004 2433 1145 2465 Guibe1
1148 2436 1218 2472 tus,
1250 2434 1365 2465 abbas
1393 2434 1428 2465 b.
1464 2434 1590 2465 Mmiae
1619 2435 1664 2465 de

149 2475 231 2516 Nog
232 2477 318 2507 ento
330 2475 461 2507 subtus
476 2475 708 2515 Couciacum,
725 2477 786 2517 qui
799 2476 927 2507 claruit
941 2485 1036 2507 anno
1049 2478 1129 2507 1112
1141 2478 1177 2507 et
1191 2475 1286 2507 hunc
1299 2477 1518 2508 tractatum
1511 2476 1664 2516 mserip-

150 2517 199 2550 sit
213 2517 258 2550 de
272 2517 358 2550 Vita
370 2527 447 2550 sua.
467 2517 550 2549 »On
566 2501 736 2549 retoumie
754 2518 850 2549 alors
867 2527 911 2548 au
939 2517 1004 2549 bas
1018 2517 1065 2549 du
1081 2518 1110 2549 f⁰
1135 2520 1173 2549 42
1195 2518 1238 2549 de
1260 2517 1292 2549 la
1311 2518 1487 2559 premiere
1506 2519 1600 2549 main
1619 2519 1663 2549 de

152 2557 193 2592 B.
207 2569 292 2592 —e.
312 2558 460 2602 effraeno
480 2559 526 2592 D.
544 2578 586 2583 --
602 2559 631 2600 Γ.
650 2559 774 2591 ἰιηὸῙ)
788 2570 876 2602 -9,
893 2559 994 2591 Corr.
1004 2559 1105 2592 deD.
1115 2559 1240 2591 Bavec
1255 2560 1307 2591 lcs
1322 2563 1451 2601 quatre
1466 2560 1663 2600 premieres

152 2599 278 2634 lettres
292 2601 554 2644 exponetuees.

194 2735 224 2765 1.
249 2732 384 2772 Alema,
403 2733 556 2775 preterit
572 2733 619 2764 du
639 2733 750 2764 verbe
767 2733 962 2774 archa'ique
976 2733 1097 2765 alesco
1110 2734 1394 2774 :saugmcnte
1415 2733 1470 2764 On
1486 2736 1572 2774 peut
1593 2737 1663 2765 tru-

152 2775 255 2807 duire
273 2777 369 2807 cette
387 2775 518 2816 phrase
536 2775 729 2807 renversee
746 2775 839 2807 ainsi
856 2786 862 2807 :
887 2788 902 2803 α
927 2774 1111 2807 Personnc
1135 2775 1225 2807 n'est
1248 2775 1475 2807 embarrassce
1498 2786 1562 2816 par
1583 2776 1661 2806 l'or-

151 2816 249 2858 gueil
264 2816 392 2848 intime
412 2817 475 2849 des
493 2818 693 2858 conquetes
707 2817 958 2856 nombreuses,
974 2827 1020 2848 ou
1037 2817 1082 2849 de
1106 2818 1138 2849 la
1156 2817 1322 2858 quantite
1339 2818 1594 2858 grandissante
1616 2819 1660 2849 de

157 2867 215 2890 ses
231 2867 377 2891 amours
451 2872 466 2887 »
484 2876 524 2882 —
545 2858 600 2890 Cf.
617 2858 760 2898 Guizot,
781 2858 886 2897 Coll„
920 2861 945 2890 t.
964 2859 1024 2899 IX,
1047 2869 1082 2900 p.
1098 2862 1169 2891 389.
