1930 3224
621 251 720 281 vssN.
756 251 952 280 curasan
986 250 1092 279 vn'AE
1122 249 1247 278 Lmen
1274 249 1319 277 111
1622 232 1705 276 143

200 394 202 397 ,
231 367 235 372 ’
260 345 464 410 Denique
505 349 853 394 abscedentibus
885 350 957 403 iis,
987 347 1319 392 cubicularius1
1349 346 1523 390 domini
1555 362 1700 404 papae,

198 420 382 464 nomine
408 420 588 478 Petrus,
626 418 940 462 cluniacensis
968 416 1233 469 monachus,
1267 415 1345 475 qui
1372 415 1471 473 ejus
1495 415 1705 458 notitiam

201 487 475 546 Rothomagi
525 487 754 544 attigerat,
808 502 913 529 cum
958 501 982 528 a
1029 501 1134 542 rege
1174 485 1431 542 Anglorum
1472 483 1703 526 hominem

197 560 455 615 peteremus
491 556 685 599 eundem
699 563 733 608 ἃ,
777 555 847 597 his
894 569 965 596 me
1010 553 1160 596 verbis
1200 558 1373 596 secreto
1410 551 1700 610 aggreditur:

201 642 223 666 «
250 623 475 678 Quoniam
520 623 691 682 recepit
732 623 944 668 dominus
992 637 1106 680 papa
1142 621 1460 664 testimonium
1498 626 1703 663 vestrum

198 709 280 752 pro
299 708 492 754 persona
525 708 662 751 quam
683 692 838 743 vultis,
869 696 914 734 et
936 707 1017 733 vos
1035 695 1267 749 gratanter
1298 689 1488 743 audivit,
1527 689 1703 732 debetis

198 761 410 805 ammodo
434 776 676 819 suggerere
695 760 839 803 electo
855 764 1024 813 vestm,
1043 764 1094 802 ut
1115 759 1306 816 imperio
1322 757 1494 801 domini
1514 773 1641 816 papae
1657 757 1703 799 in

199 829 599 883 cunctisbobediat,
625 833 670 872 et
695 829 742 871 in
760 833 939 871 tantum
956 828 997 870 ei
1021 827 1075 870 de
1094 827 1189 870 suis
1216 827 1508 885 obsequatur,
1539 831 1590 868 ut
1621 841 1702 868 vos
1761 828 1766 832 “

198 896 363 951 denuo,
394 898 432 941 si
452 913 568 956 opus
594 897 744 952 fuerit,
779 913 860 955 pro
888 897 986 955 ipso
1014 901 1058 939 et
1085 896 1187 939 aliis
1207 895 1401 939 libenter
1427 895 1653 938 exaudiat.
1679 912 1698 933 »

197 967 314 1010 Ecce
337 966 428 1009 mel
448 966 616 1010 illitum
642 981 723 1024 per
753 981 829 1008 ora
851 965 991 1008 virosi
1014 965 1181 1023 poculi.
1218 964 1338 1017 Quid
1376 964 1498 1007 enim
1539 963 1702 1006 melius

197 1049 334 1095 quam
367 1050 494 1094 papae
519 1034 830 1092 obtemperare
868 1034 1142 1092 praeceptis?
1166 1033 1276 1092 quid
1302 1032 1432 1091 pejus
1460 1048 1596 1091 quam
1622 1048 1702 1090 pro

197 1104 375 1147 indulta
398 1103 481 1146 Dei
513 1103 656 1162 gratia
685 1102 947 1146 hominibus
979 1103 1131 1161 precio
1169 1102 1396 1160 obsequi?
1416 1101 1515 1159 Ego
1548 1106 1702 1144 tamen

193 1172 301 1216 talis
321 1172 493 1231 negotii
510 1172 824 1215 internuncius
846 1171 1143 1214 vehementer
1162 1187 1261 1214 esse
1286 1170 1536 1229 perhorrui.

254 1240 398 1299 Igitur
424 1241 545 1299 apud
571 1241 793 1284 Sanctum
818 1240 1002 1283 Ruffum
1026 1241 1080 1283 de
1100 1239 1330 1282 Avinione
1345 1238 1365 1265 ¹³
1380 1241 1398 1268 ‘2
1418 1243 1700 1290 sacramento

195 1309 444 1369 pontificali
470 1314 697 1368 suscepto,
721 1309 1033 1368 pronosticum
1059 1309 1190 1351 triste
1227 1308 1314 1351 sibi
1343 1308 1580 1366 Evangelii
1603 1313 1700 1350 tex-

199 1383 275 1422 tus
294 1378 516 1422 exhibuit.
548 1378 652 1421 Fuit
676 1378 823 1422 enim:
858 1396 878 1418 «
906 1379 1047 1420 Tuam
1068 1378 1211 1435 ipsius
1233 1377 1431 1419 animam
1456 1376 1700 1434 pertransi-

195 1447 262 1490 vit
287 1447 467 1506 gladius
481 1449 512 1491 ³.
543 1466 564 1488 »
590 1446 722 1490 Certe
757 1446 979 1504 Lingonis
1019 1462 1138 1500 cum,
1168 1450 1349 1504 recepta
1377 1462 1505 1504 papae
1532 1445 1694 1503 gratia,

195 1515 253 1559 ad
275 1515 417 1559 altare
443 1515 703 1559 Mammetis
727 1516 941 1573 martyris
955 1514 971 1544 4
992 1531 1096 1558 cum
1113 1515 1288 1558 clericis
1315 1533 1334 1554 «
1356 1514 1416 1557 Te
1434 1515 1580 1557 Deum
1604 1515 1700 1556 lau-

195 1584 356 1628 damus
379 1584 689 1628 »canentibus
723 1581 1035 1643 processisset,
1073 1584 1392 1642 evangelicum
1431 1582 1699 1640 conjecturae

192 1669 327 1696 eausa
360 1658 537 1697 textum
562 1653 659 1712 ipse
697 1653 890 1712 aperuit.
938 1653 1027 1697 Ubi
1077 1652 1354 1696 versiculum
1396 1652 1474 1710 qui
1524 1652 1699 1710 primus

192 1727 447 1782 occurreret
482 1721 569 1765 sibi
602 1722 834 1779 corripuit,
884 1722 1096 1765 scilicet:
1145 1721 1375 1775 «Mulier,
1428 1735 1530 1763 ecce
1574 1719 1698 1762 filius

188 1795 296 1834 tuus
309 1791 341 1835 5.
371 1810 392 1832 »
438 1790 570 1843 Quod
608 1790 703 1849 ipse
745 1807 850 1833 mox
884 1790 1051 1848 ubique
1089 1790 1286 1833 multum
1313 1789 1585 1847 jactantiose
1616 1789 1699 1831 cir-

189 1859 417 1903 cumtulit.
445 1859 497 1902 In
519 1859 657 1902 verbo
679 1875 873 1917 namque
900 1864 945 1902 et
959 1859 1137 1913 habitu,
1169 1859 1280 1901 mire
1301 1858 1546 1911 instabilis,
1583 1858 1694 1900 mire

188 1928 303 1971 levis
338 1928 564 1971 extiterat.
607 1929 673 1971 De
712 1927 848 1970 rebus
893 1943 1054 1985 nempe
1094 1927 1383 1981 militaribus,
1430 1927 1618 1970 canibus
1653 1931 1699 1969 et

124 2039 126 2041 ,
188 1996 480 2055 accipitribus
524 1996 650 2055 loqui
694 2001 873 2054 gratum
919 1996 1156 2049 habuerat,
1199 1996 1321 2054 quod
1359 1996 1481 2054 apud
1517 1996 1696 2053 Anglos

189 2065 422 2109 didicerat.
451 2065 583 2110 Unde
618 2065 817 2124 quodam
843 2070 1063 2123 tempore,
1095 2081 1198 2107 cum
1225 2065 1482 2122 quandamc
1515 2065 1695 2107 dedica·

190 2134 333 2178 visset
357 2134 613 2187 ecclesiam,
649 2139 694 2177 et
726 2150 809 2192 ego
837 2150 938 2176 cum
965 2134 1162 2192 quodam
1187 2134 1316 2176 bonae
1341 2133 1508 2176 indolis
1529 2133 1698 2191 juvene

232 2275 264 2298 a.
282 2265 448 2298 eumdem
462 2265 505 2297 D.
525 2283 563 2288 —
580 2264 612 2297 b.
633 2265 733 2296 Corr.
753 2265 797 2296 de
815 2265 843 2296 B
864 2266 910 2306 (et
928 2265 986 2306 D).
1007 2264 1148 2296 Anione
1166 2266 1209 2296 X.
1228 2283 1270 2288 —-
1286 2275 1316 2296 c.
1342 2265 1540 2307 quamdam
1558 2264 1601 2297 D.

230 2435 260 2466 1.
283 2446 324 2461 =
339 2432 522 2464 Camcrier
538 2433 706 2473 dupapc.

229 2477 258 2506 2.
285 2473 389 2506 Saint
405 2474 503 2506 Rouf
518 2474 574 2506 sut
588 2475 620 2505 le
641 2474 799 2515 premier
809 2473 947 2515 eveque
965 2474 1170 2515 d'Avignon
1188 2483 1196 2513 ς
1213 2474 1235 2504 il
1251 2485 1271 2505 a
1289 2474 1408 2506 donne
1427 2484 1493 2506 sou
1511 2484 1596 2506 nom
1615 2475 1631 2506 a
1649 2485 1696 2505 uu

187 2518 348 2548 couvent
365 2517 410 2548 de
428 2516 587 2548 Valence
610 2516 716 2556 (Gall.
738 2515 887 2555 Christ„
910 2517 934 2547 t.
967 2515 992 2554 1,
1013 2516 1081 2548 col,
1110 2519 1182 2554 795,
1202 2518 1239 2547 et
1266 2518 1291 2547 t.
1312 2517 1410 2555 XVI,
1438 2516 1507 2548 col.
1531 2518 1589 2547 35¹1
1615 2519 1696 2558 sq).

190 2557 339 2599 L'eglise
359 2558 403 2590 de
418 2557 642 2605 Saint-Rouf
657 2568 675 2589 a
689 2557 746 2589 ete
759 2558 790 2588 le
806 2558 892 2589 titre
903 2557 1046 2589 d'ordre
1064 2557 1171 2589 d'une
1182 2558 1403 2599 importante
1422 2558 1695 2599 congregation„

189 2599 898 2688 regotziuuce'qzii:grpaitkgzuzxg11pggius
923 2641 1080 2673 animam
1105 2641 1348 2682 pertransibit
1372 2641 1513 2682 gladius
1538 2643 1575 2672 ct
1593 2652 1697 2672 reve-

190 2682 311 2715 lentur
330 2693 373 2714 ex
394 2683 519 2715 multis
541 2683 713 2714 cordibus
729 2683 981 2723 cogitationes.
1005 2697 1018 2711 n

230 2726 260 2757 4.
285 2724 580 2756 Saint-Mammes
594 2727 650 2756 cst
664 2724 697 2755 la
711 2724 920 2756 cathedrale
932 2725 976 2756 dc
994 2725 1162 2766 Langrcs,
1183 2725 1311 2756 datant
1329 2725 1377 2755 du
1396 2731 1457 2755 x11⁰
1467 2724 1588 2756 siecle.

230 2769 260 2798 5.
284 2766 429 2806 Joann.,
456 2766 551 2805 xlx,
576 2770 639 2797 26:
661 2779 675 2794 α
696 2766 785 2797 Cum
807 2766 959 2798 vidisset
983 2777 1068 2807 ergo
1096 2766 1203 2798 Jesus
1228 2769 1395 2805 matrem,
1425 2768 1461 2798 et
1476 2767 1693 2807 discipulum

189 2809 360 2848 stantem,
375 2817 483 2849 quem
504 2808 690 2849 diligebat,
707 2808 796 2839 dicit
813 2809 917 2840 matri
937 2818 1023 2840 suae
1041 2818 1047 2839 :
1069 2808 1212 2847 Mulier,
1230 2808 1423 2852 ecce'filius
1438 2810 1534 2840 tuus.
1554 2822 1567 2835 υ
