1930 3224
301 244 384 287 180
713 258 810 287 vim.
847 257 1038 286 Gmssssm‘i
1074 257 1180 286 vrrAE
1211 257 1333 286 Lmen
1366 257 1410 285 ιιι

299 361 366 399 tra
395 371 548 413 regem
596 360 812 408 tueretur,
852 359 1048 407 orantes,
1084 354 1267 396 tandem
1309 354 1567 396 venientem
1606 353 1653 396 in
1677 352 1786 397 urbe

297 424 534 481 recipiunt.
576 423 691 465 Cum
723 422 817 474 ille,
852 422 1018 464 auditis
1045 437 1199 464 eorum
1235 421 1458 479 precibuS,
1487 421 1789 464 consuluisset

301 507 423 544 suos,
449 491 556 548 quid
580 490 665 532 sibi
686 490 803 532 facto
818 505 931 547 opus
954 494 1088 542 esset,
1120 489 1447 547 responderunt
1473 489 1708 532 unanimes
1741 489 1788 531 in

301 563 425 601 tanta
449 558 699 600 retentione
725 557 850 599 urbis
871 573 974 599 suas
1006 556 1091 598 sibi
1115 561 1269 599 contra
1296 572 1448 614 regem
1471 572 1560 599 non
1586 556 1788 600 sufficere

300 627 432 669 vires.
457 625 589 677 Quod
615 625 845 667 oraculum
869 624 1040 666 insanis
1066 625 1341 678 hominibus,
1367 624 1599 683 quandiu⁸
1622 625 1668 666 in
1707 639 1787 667 sua

300 694 501 752 ipsorum
522 693 631 735 urbe
655 698 764 746 erat,
788 693 1022 750 propalare
1051 708 1140 734 non
1173 707 1323 746 ausus,
1357 692 1470 734 dixit
1503 692 1567 735 eis
1592 697 1642 735 ut
1663 706 1788 750 egre-

300 762 512 804 derentur
544 761 589 802 in
627 776 852 818 campum,
886 760 996 802 inibi
1033 765 1283 802 retecturus
1319 761 1584 814 consilium3
1626 759 1788 818 quibus

300 829 436 872 ferme
453 828 662 870 milliario
689 828 744 870 ab
764 828 872 870 urbe
893 828 1107 885 digressis
1127 828 1260 870 infert
1284 840 1293 871 2
1322 846 1341 867 «
1371 828 1543 871 Civitas
1567 828 1661 869 haec
1685 842 1789 870 curn

299 902 434 954 caput
462 897 589 953 regni
622 896 763 947 sitm,
803 912 892 937 non
925 900 1073 953 potest
1108 901 1261 938 contra
1290 911 1441 953 regem
1470 911 1494 938 a
1529 910 1601 938 me
1627 895 1785 938 teneri.

300 964 429 1016 Quod
453 965 490 1006 si
516 964 634 1020 regia
660 979 780 1005 arma
807 964 1038 1016 veremini,
1066 963 1111 1004 in
1138 967 1302 1005 terram
1326 979 1472 1006 meam
1502 979 1572 1006 me
1598 978 1788 1020 sequen-

298 1038 383 1086 tes,
406 1048 475 1074 me
495 1037 684 1089 patrono
711 1037 762 1073 et
784 1032 926 1073 amico
958 1031 1152 1074 utimini.
1191 1049 1210 1070 »
1245 1031 1342 1083 Quo
1380 1031 1504 1073 dictu
1534 1035 1791 1073 consterna-

298 1100 497 1142 tissimos
514 1100 722 1142 reddidit.
748 1100 856 1141 Mox
876 1115 981 1155 ergo
1003 1104 1124 1141 metu
1144 1099 1388 1157 perpetrati
1407 1098 1615 1141 facinoris
1639 1113 1791 1141 amen-

300 1174 383 1221 tes,
402 1173 445 1210 et
469 1183 619 1225 regem
642 1168 735 1209 suis
759 1167 1007 1209 cervicibus
1028 1167 1259 1209 imminere
1279 1171 1504 1224 putantes,
1533 1167 1790 1209 innumera-

300 1236 389 1278 bile
410 1252 511 1278 cum
536 1251 587 1277 eo
603 1236 766 1292 vulgus
791 1235 1044 1291 aufugiunt.
1070 1235 1126 1276 Et
1153 1234 1466 1291 Teudegaldus
1486 1234 1562 1276 ille
1588 1249 1790 1292 peremp-

300 1309 370 1346 tor
393 1303 605 1360 episcopi,
631 1304 707 1360 qui
727 1303 953 1345 lacunaria
968 1307 1012 1344 et
1024 1302 1216 1344 fornices
1237 1302 1433 1345 ecclesi'ae
1457 1302 1576 1344 beati
1598 1302 1790 1345 Vincen-

299 1372 367 1423 tii,
391 1371 743 1428 claustralesque
772 1386 990 1422 recessuS,
1026 1370 1241 1426 fugitivos
1274 1386 1386 1427 quos
1422 1369 1642 1427 occideret
1670 1384 1790 1427 quae-

300 1440 455 1491 rendo,
484 1445 636 1481 exerto
659 1438 807 1495 gladio
829 1437 1090 1490 rimabatur,
1122 1438 1215 1495 qui,
1244 1438 1543 1495 episcopalem
1575 1438 1791 1479 annulum

301 1507 442 1564 digito
463 1506 717 1563 praeferens,
749 1521 794 1548 se
814 1505 1050 1563 praesulem
1076 1505 1340 1558 testabatur,
1367 1505 1406 1547 is
1426 1521 1528 1547 cum
1549 1505 1641 1547 suis
1671 1519 1791 1547 com-

302 1574 493 1632 plicibus
519 1589 608 1615 non
632 1589 768 1616 ausus
788 1573 945 1615 urbem
965 1577 1182 1630 repetere,
1208 1574 1425 1615 Thomam
1450 1588 1562 1630 pene
1581 1569 1751 1615 vacuus
1773 1572 1791 1600 ²

301 1642 583 1699 sequebatur.
609 1641 803 1683 Thomas
823 1646 973 1683 autem
992 1641 1328 1693 Guillelmum⁶‚
1348 1641 1492 1683 filium
1514 1639 1726 1693 Haduini,
1747 1643 1791 1681 et

301 1710 414 1752 alios
434 1715 588 1767 captos
611 1709 820 1751 liberarat
840 1709 885 1751 in
906 1709 1017 1768 urbe
1037 1723 1045 1763 ;
1070 1709 1108 1751 is
1132 1709 1250 1751 enim
1283 1723 1441 1766 expers
1473 1707 1662 1750 Gerardi
1686 1722 1790 1765 pro-
1843 1759 1847 1762 μ

302 1778 485 1820 ditionis
529 1778 752 1820 extiterat.
796 1777 858 1819 At
899 1777 1030 1830 fama,
1069 1792 1258 1834 pegasea
1287 1776 1511 1818 celeritate
1548 1774 1789 1828 transfusa,

300 1846 550 1888 vicinorum
572 1861 722 1886 rurum
749 1845 954 1887 homines
976 1861 1027 1887 ac
1053 1845 1301 1902 oppidanos
1327 1843 1586 1896 exsuscitat,
1605 1858 1792 1886 vacuam

302 1913 628 1956 habitatoribus
651 1913 798 1956 ferens
824 1912 995 1955 urbem.
1020 1913 1143 1955 Tunc
1170 1912 1335 1970 quique
1358 1927 1577 1970 pagenses
1600 1912 1655 1954 ad
1687 1910 1794 1953 soli-

301 1982 462 2024 tariam
512 1986 731 2039 proruunt
790 1981 1035 2033 civitatem,
1092 1981 1337 2037 domosque
1388 1980 1559 2036 plenas,
1613 1978 1791 2021 nemine

302 2049 579 2102 defensante,
608 2053 920 2106 praeoccupant
941 2064 949 2101 ;
980 2049 1100 2090 cives
1123 2049 1255 2105 plane
1279 2064 1381 2090 cum
1402 2052 1552 2090 essent
1574 2046 1787 2102 opulenti,

302 2116 459 2159 habitu
489 2133 535 2158 se
574 2132 791 2174 pauperes
833 2117 1154 2159 ostendebant:
1203 2116 1357 2158 oculos
1395 2116 1515 2158 enim
1555 2129 1791 2172 procerum

301 2184 542 2227 adversum
571 2200 616 2226 se
640 2185 812 2226 irritare
839 2184 1054 2226 nolebant
1069 2184 1104 2227 d.

361 2253 456 2295 Εο6
482 2257 682 2309 tempore
709 2253 786 2294 illa
813 2252 1050 2309 illegitima
1073 2252 1331 2308 Ingelranni
1350 2250 1553 2309 praedicti
1574 2255 1619 2294 et
1642 2251 1789 2293 inces-

346 2374 378 2395 ει.
399 2364 553 2411 *quadiu
578 2364 621 2395 D.
646 2382 686 2386 —
703 2363 737 2395 b.
763 2373 917 2404 mauque
941 2364 980 2395 Β.
1002 2382 1042 2386 -
1062 2373 1090 2395 c.
1109 2363 1208 2394 Corr.
1231 2364 1275 2394 de
1299 2363 1368 2403 Du,
1390 2363 1433 2394 D.
1454 2362 1675 2394 Guillemum
1694 2363 1734 2394 B.
1751 2380 1793 2386 —·

306 2405 340 2436 d.
368 2406 433 2436 Fm
450 2407 498 2436 du
517 2409 548 2435 7·
567 2415 716 2446 passage
737 2406 780 2436 de
802 2406 870 2436 Du.
889 2424 930 2428 --
944 2415 971 2436 e.
991 2405 1114 2436 Debut
1126 2405 1171 2435 du
1194 2406 1224 2434 4⁶
1242 2414 1392 2445 passage
1411 2405 1455 2435 de
1473 2404 1540 2435 Du.

347 2556 372 2583 1.
400 2553 494 2584 C'est
518 2563 561 2584 en
585 2554 670 2584 ess'ct
693 2555 823 2584 autour
852 2554 895 2583 de
915 2553 1011 2584 Laon
1029 2563 1097 2593 que
1127 2563 1164 2583 sc
1189 2552 1418 2584 deroulerent
1456 2553 1507 2583 les
1533 2552 1642 2583 luttes
1665 2552 1727 2593 qui
1752 2562 1789 2584 se

304 2596 387 2625 sont
398 2594 571 2635 engagees
589 2604 673 2625 sous
686 2594 736 2624 les
751 2595 911 2625 derniers
930 2594 1187 2634 Carolingiens.
1207 2594 1361 2625 Thomas
1379 2595 1422 2624 dc
1441 2594 1551 2624 Marte
1569 2593 1733 2634 appre'cie
1744 2594 1790 2624 ici

303 2635 374 2666 fort
389 2638 614 2667 exactemcnt
627 2636 660 2666 la
676 2636 848 2666 situation
866 2635 1040 2675 politique
1057 2638 1092 2666 et
1110 2634 1328 2676 strategique
1346 2635 1389 2666 de
1407 2635 1516 2673 Laon,
1535 2635 1555 2666 a
1569 2645 1616 2666 un
1632 2637 1791 2666 moment

304 2677 349 2706 οιί
374 2676 474 2707 Paris
502 2677 591 2708 n’est
615 2687 678 2717 pas
709 2687 839 2707 encore
864 2677 894 2707 la
928 2676 1079 2717 capitale
1108 2677 1154 2707 du
1181 2687 1351 2717 royaume
1378 2677 1422 2707 de
1450 2677 1596 2707 France.
1622 2676 1674 2707 Cf.
1692 2676 1790 2707 aussi

305 2718 336 2748 lc
354 2728 383 2749 c.
404 2728 474 2756 xiv,
494 2718 561 2750 sub
578 2718 662 2759 fine.

346 2763 374 2791 2.
402 2760 500 2790 Dans
517 2759 549 2790 lc
568 2769 650 2790 sens
668 2759 710 2790 dc
728 2758 823 2791 seul.

1910 3124 1930 3224 nna-2...·-
1926 3075 1930 3080 Δ
1924 3049 1930 3060 ,«
1926 2961 1930 2989 ...
1925 2898 1930 2905 .
