1930 3224
565 253 659 283 VEN.
697 253 891 282 GUBER'H
927 255 1032 284 vim:
1065 255 1183 283 Lmen
1218 255 1259 284 ιιι
1586 242 1671 285 217

237 352 293 396 In
308 347 392 395 hac
418 353 512 411 ipsa
538 353 802 411 Novigenti,
825 354 912 407 cui,
942 355 1241 414 Deobautorefl
1265 355 1504 409 servimus,
1526 357 1671 398 eccle-

172 421 255 475 sia,
284 420 416 464 miles
436 422 619 479 quidam
648 423 852 480 rapinam
888 422 1067 478 fecerat,
1112 422 1300 466 fratrum
1335 424 1505 466 scilicet
1532 423 1672 466 boves

171 489 437 543 abduxerat,
466 490 854 549 calniacumqueb
880 491 1105 535 castrum¹
1147 491 1410 545 deveniens,
1440 508 1579 535 unum
1614 494 1668 535 de

171 557 317 600 bobus
336 559 664 602 comedendum
691 575 714 602 a
741 576 804 608 se,
830 565 881 602 ut
900 560 1106 619 putabat,
1135 560 1521 619 complicibusque
1539 561 1669 604 deco-

169 631 314 670 xerat.
339 627 413 670 Ad
442 628 639 685 primum
667 644 773 686 ergo
795 629 916 686 quod
949 630 1003 671 de
1033 629 1244 672 carnibus
1277 629 1368 672 illis
1396 630 1461 672 ori
1497 630 1667 682 intulit,

124 705 127 708 ⁴
171 695 324 738 divina
345 697 512 739 virtute
534 697 796 754 percutitur,
833 704 877 741 et
905 703 1093 756 uterque
1118 698 1158 740 ei
1187 698 1305 741 inter
1333 699 1670 756 mastigandum

171 765 329 807 oculus
352 780 376 808 a
395 764 540 808 fronte
565 771 610 808 et
631 765 687 808 ab
715 782 789 808 ore
806 767 959 824 lingua
977 767 1271 825 expromitur,
1294 767 1447 825 sicque
1474 783 1527 810 eo
1546 768 1670 810 dam-

169 838 294 887 nato,
316 833 455 877 vellet
474 834 632 885 nollet,
661 836 839 878 residua
860 837 1008 894 praeda
1030 836 1271 879 reducitur.

229 901 361 946 Alter
386 903 586 959 contigui
627 904 752 946 fluvii
787 910 975 963 partem,
1011 906 1090 964 qui
1121 905 1289 963 Aquila
1313 906 1328 934 '2
1367 911 1667 963 nuncupatur,

169 971 408 1030 piscationi
436 987 527 1014 suae
551 973 772 1014 ascribere
800 973 1173 1032 nitebatur,.quae
1202 990 1258 1016 ex
1285 974 1471 1032 antiquo
1497 973 1671 1032 praefati

168 1031 257 1083 loci
279 1039 494 1083 fratribus
533 1040 795 1085 debebatur.
829 1043 1034 1101 Cumque
1074 1042 1260 1086 fratrum
1291 1043 1488 1101 piscator
1509 1042 1566 1084 ab
1593 1042 1670 1085 illa

167 1113 294 1168 parte
327 1109 528 1152 fluminis
563 1126 642 1167 per
665 1110 813 1168 ipsum
839 1111 1030 1154 militem
1063 1112 1246 1154 omnino
1277 1112 1602 1154 absterreretur
1626 1116 1671 1154 et

166 1193 248 1237 pro
266 1178 352 1220 hoc
377 1179 567 1221 ecclesia
582 1179 739 1222 multis
765 1180 943 1237 placitis
957 1186 1208 1237 urgeretur,
1231 1197 1254 1222 a
1281 1181 1474 1223 Domina
1500 1195 1672 1239 praepo-

168 1247 284 1290 tenti
309 1247 356 1290 in
380 1247 597 1290 membris
622 1248 848 1307 aliquibus
874 1249 1136 1306 paralyseos
1169 1249 1427 1292 valetudine
1448 1264 1671 1307 conquas-

169 1320 311 1359 satur.
333 1316 422 1359 Sed
443 1317 527 1359 hoc
551 1332 653 1359 cum
682 1317 888 1367 fortunae,
912 1333 1000 1360 non
1022 1318 1184 1361 ultioni
1217 1318 1382 1360 divinae
1409 1317 1667 1370 ascriberet,

170 1384 414 1427 dormienti
454 1385 522 1427 illi
559 1386 762 1443 piissima
803 1387 942 1445 Virgo
969 1387 1130 1440 astitit,
1167 1392 1212 1430 et
1241 1387 1412 1445 aliquot
1450 1387 1491 1429 ei
1516 1386 1671 1444 alapas

168 1469 258 1496 non
287 1453 384 1496 sine
399 1454 640 1497 severitate
667 1455 712 1496 in
736 1454 847 1498 facie
879 1455 1018 1498 dedit.
1056 1455 1142 1508 Qui
1172 1456 1334 1498 exinde
1363 1460 1667 1514 experrectus,

168 1526 213 1566 et
233 1537 288 1565 ex
310 1522 497 1566 verbere
528 1524 750 1566 sensatior
773 1524 934 1577 factus,
966 1524 1099 1567 ilicoc
1125 1525 1318 1583 nudipes
1348 1525 1404 1567 ad
1430 1540 1502 1566 me
1525 1524 1666 1578 venit,

166 1591 347 1634 veniam
361 1592 490 1650 petit,
512 1592 622 1651 quid
641 1592 772 1635 beata
792 1594 933 1636 Maria
955 1594 1256 1636 animositatis
1274 1593 1359 1636 sibi
1377 1593 1664 1645 intendisset,

166 1661 358 1719 aperuit,
389 1666 604 1719 usurpata
638 1662 824 1706 remisit.
869 1663 965 1705 Hoc
1001 1679 1142 1705 unum
1181 1663 1332 1716 didici,
1377 1663 1497 1721 quod
1536 1677 1668 1704 nemo

165 1729 242 1773 isti
268 1729 470 1773 ecclesiae
485 1729 688 1772 infensus
709 1730 808 1783 fuit,
834 1731 911 1789 qui
933 1747 1023 1774 non
1046 1732 1102 1774 ad
1137 1732 1323 1774 evidens
1343 1731 1664 1774 detrimentum

165 1798 356 1853 venerit,
378 1799 416 1841 si
438 1814 724 1857 perseverare
745 1799 976 1857 delegerit.

223 1867 362 1926 Apud
388 1867 719 1926 Compendium
740 1869 923 1927 quidam
947 1870 1216 1928 praepositus
1243 1870 1393 1927 regius
1416 1870 1432 1897 3
1459 1869 1668 1911 adversa—

167 1935 301 1980 batur
347 1936 548 1979 ecclesiae
604 1936 747 1980 beatae
797 1938 951 1981 Mariae
1007 1944 1051 1981 et
1092 1938 1327 1981 beatorum
1378 1937 1576 1981 Cornelii
1623 1942 1668 1980 et

207 2060 241 2083 a.
259 2051 415 2083 authore
430 2051 474 2082 D.
487 2069 528 2074 —-
548 2050 580 2083 b.
603 2051 885 2094 Calviacumque
907 2052 949 2083 D.
966 2070 1006 2074 ——
1022 2062 1051 2083 c.
1077 2051 1176 2083 illico
1195 2052 1236 2084 D.

166 2165 236 2196 col.
257 2166 427 2204 996-998).
455 2166 483 2197 ll
504 2176 523 2196 a
547 2165 638 2197 ecrit
661 2167 694 2197 la
718 2166 774 2196 vie
799 2166 842 2196 de
868 2166 983 2197 sainte
1008 2166 1216 2197 Godcberte
1235 2166 1322 2203 (ΛΑ.
1348 2166 1403 2197 SS.
1432 2165 1537 2205 Boll.,
1564 2167 1669 2204 avril,

164 2209 191 2238 t.
213 2206 258 2241 ΙΙ,
277 2217 312 2248 p.
331 2207 453 2248 32-36),
475 2207 564 2239 celle
581 2208 624 2238 de
640 2208 735 2239 saint
752 2207 900 2239 Medard
920 2207 1036 2248 (ibid,
1051 2208 1142 2248 juin,
1162 2210 1187 2239 t.
1204 2208 1246 2245 11,
1261 2219 1295 2249 p.
1315 2209 1439 2249 87-95),
1456 2218 1502 2238 un
1523 2218 1669 2239 sermon

164 2258 227 2280 sur
245 2247 537 2282 l'Annonciation
555 2251 599 2281 de
618 2249 984 2291 Notre-Damc(publ.
1001 2250 1090 2281 dans
1103 2250 1135 2281 la
1152 2250 1243 2282 Gall.
1264 2249 1413 2288 Christ„
1436 2249 1556 2289 lustr„
1582 2252 1607 2281 t.
1624 2250 1667 2287 X,

163 2290 233 2323 eol.
250 2291 419 2332 368-372),
434 2293 471 2322 et
487 2291 644 2323 d'autres
662 2302 806 2323 oeuvres
825 2292 1052 2333 aujourd'hui
1066 2293 1232 2333 perduces.
1255 2292 1349 2324 C'cst
1365 2293 1455 2323 dans
1470 2292 1502 2323 le
1524 2302 1668 2323 sermon

163 2342 227 2363 sur
243 2331 539 2365 l'Annonciation
554 2333 669 2374 qu'est
687 2333 880 2374 rapporte'e
898 2334 1072 2365 l'histoire
1090 2334 1177 2365 dont
1198 2334 1295 2375 parle
1315 2334 1471 2366 Guibert
1490 2344 1496 2365 :
1523 2333 1546 2364 il
1566 2334 1668 2373 s‘agit

163 2373 196 2405 la
225 2384 355 2406 encore
373 2373 478 2406 d'une
492 2375 601 2416 jeunc
621 2376 692 2407 fille
710 2376 754 2406 dc
777 2376 919 2417 Noyon,
942 2376 1044 2411 mais,
1064 2385 1204 2407 comme
1228 2377 1349 2415 eglise,
1369 2377 1412 2407 de
1438 2375 1602 2417 l'abbaye
1624 2376 1667 2406 de

163 2415 411 2448 Notre-Dame
428 2417 551 2456 (lectio
570 2419 683 2456 semla,
702 2418 770 2448 col.
789 2418 875 2460 370).

206 2461 235 2490 1.
261 2458 423 2531 fitany,
443 2459 524 2500 dep.
548 2458 758 2499 de‘l'Aisne,
778 2469 846 2491 arr.
866 2461 909 2492 de
930 2460 1040 2499 Laon,
1056 2460 1154 2492 ch.-1.
1174 2461 1218 2491 dc
1236 2462 1379 2492 canton.

205 2502 235 2532 2.
290 2498 297 2509 ¹
336 2500 345 2530 i
363 2502 448 2533 ette.

205 2544 236 2572 3.
261 2541 290 2573 11
308 2542 364 2573 est
381 2543 550 2583 question
569 2543 756 2581 fflAubert,
772 2543 903 2583 prdvbt
917 2543 964 2574 du
982 2544 1037 2574 roi
1054 2543 1073 2574 a
1091 2543 1323 2585 Compiegne,
1344 2545 1434 2575 dans
1452 2553 1499 2574 un
1523 2545 1604 2574 actc
1622 2543 1666 2573 de

164 2581 292 2621 Raoul,
310 2586 429 2615 comte
447 2585 491 2615 de
510 2584 762 2623 Vermandois,
789 2586 894 2626 apres
919 2589 999 2616 1116
1024 2585 1116 2626 (Bib.
1143 2588 1232 2625 nat.,
1254 2586 1316 2618 Ch.
1336 2588 1372 2616 et
1393 2585 1505 2626 Dip1.,
1527 2586 1552 2616 t.
1574 2584 1664 2623 LIV,

164 2624 192 2655 f⁰
212 2627 283 2656 198.
297 2624 350 2657 Cf.
366 2625 552 2663 Luchaire‚
565 2626 657 2657 Hist.
677 2626 739 2658 des
753 2627 873 2659 Instit.
890 2627 1088 2665 monarch,
1105 2631 1131 2659 t.
1150 2627 1194 2666 11,
1211 2630 1305 2669 App.
1319 2631 1348 2665 3,
1366 2638 1400 2667 p.
1415 2630 1499 2667 297).
1515 2628 1541 2657 A
1560 2628 1667 2670 noter

162 2675 232 2707 que
251 2666 436 2701 Luchaire.
462 2668 577 2708 parmi
597 2669 647 2699 les
668 2670 785 2700 textes
803 2672 1024 2701 concernant
1048 2670 1101 2700 les
1131 2670 1279 2710 prevots
1300 2679 1451 2709 royaux,
1477 2678 1520 2699 ne
1547 2669 1665 2699 donne

164 2717 228 2749 pas
240 2718 280 2739 ce
322 2718 446 2749 assage
463 2710 507 2740 de
523 2709 688 2741 Guibert.
709 2710 762 2742 Cf.
780 2711 943 2744 Gravier.
959 2711 1060 2742 Essai
1077 2721 1142 2743 sur
1156 2712 1206 2743 les
1216 2711 1363 2753 pre'rols
1375 2721 1528 2752 reglau-v,
1544 2721 1577 2751 p,
1596 2712 1662 2740 164.

163 2768 203 2772 -
220 2749 291 2780 Gui
320 2753 375 2782 ert
393 2751 529 2782 semble
547 2752 591 2782 ici
611 2751 699 2782 faire
714 2752 867 2783 allusion
897 2762 965 2783 aux
983 2753 1110 2784 ennuis
1129 2754 1302 2795 imagines
1323 2762 1388 2794 par
1410 2763 1456 2783 un
1480 2751 1666 2794 predeces-

163 2801 247 2823 seur
266 2790 455 2831 d'Aubert,
485 2793 515 2824 le
540 2793 671 2840 prcvot
702 2793 857 2833 Reuard,
886 2795 1010 2826 contre
1037 2795 1088 2826 les
1106 2796 1246 2826 moines
1268 2796 1311 2826 dc
1335 2793 1662 2826 Saint-Corneille:

161 2842 202 2863 ce
220 2832 361 2864 Renard
379 2834 419 2866 fit
434 2834 593 2866 dctrmrc
628 2845 676 2866 un
697 2838 788 2876 pont
814 2837 875 2877 qui
896 2838 972 2868 leur
992 2838 1234 2878 appartenait.
1248 2837 1355 2868 Louis
1375 2836 1423 2867 VI
1443 2837 1495 2867 les
1517 2835 1665 2867 retablit

162 2874 251 2905 dans
267 2875 363 2906 leurs
374 2876 491 2907 droits
510 2887 575 2917 par
592 2887 638 2907 un
658 2877 816 2918 diploma
829 2879 872 2908 do
892 2879 1180 2918 11'12(Luchairo,
1202 2878 1372 2914 Annales,
1392 2887 1430 2910 n⁰
1450 2882 1519 2910 139.
1538 2889 1570 2919 1).
1598 2878 1661 2917 ἰ’-ί).
