1930 3224
606 229 703 258 VEN.
739 228 935 256 afflssssm‘l
970 229 1077 257 vrfflss
1110 228 1230 256 tumn
1265 228 1290 255 ιι
1602 213 1683 255 113

186 327 431 373 monachos
460 342 531 369 me
560 327 731 369 vidisse
765 331 989 385 putarem,
1019 326 1084 369 eis
1116 326 1163 368 in
1181 326 1263 368 hac
1290 330 1416 383 parte
1450 341 1684 383 compara-

184 395 300 439 biles
320 395 504 438 omnino
527 399 617 438 non
638 411 834 441 nossem,

186 487 189 490 ⁴
243 464 312 508 Tu
335 464 439 519 scis,
465 463 844 517 Clementissime,
872 464 993 522 quod
1027 465 1110 506 hoc
1137 463 1409 522 opusculum
1441 478 1531 505 non
1562 478 1684 505 arro-

183 533 339 591 gantia
361 532 510 591 aliqua
534 532 763 590 coeperim,
791 532 870 574 sed
893 532 1120 591 nequitias
1151 547 1275 574 meas
1302 531 1506 574 confiteri
1530 531 1685 573 volue-

185 601 304 655 1·im;
333 616 447 660 quas
478 601 613 659 plane
647 600 989 643 evidentissime
1023 601 1276 655 confiterer,
1316 600 1404 643 nisi
1436 600 1685 642 multorum

185 669 473 727 animos,'qui
494 669 589 711 haec
610 668 828 726 legerent,
853 669 1088 712 horrendis
1113 669 1226 712 meis
1241 669 1417 712 actibus
1439 669 1684 727 depravare

185 751 413 792 verrerer;
449 738 689 791 confiteor,
718 737 920 796 inquam,
951 738 1194 796 nequitias,
1229 738 1308 781 sed
1340 737 1485 780 multo
1515 736 1686 794 justius

185 821 277 851 non
303 806 534 864 iniquitati
553 822 682 861 meae,
706 806 785 848 sed
806 806 1020 864 ingenitae
1043 807 1201 865 gratiae
1236 812 1326 849 tuae
1360 806 1686 863 respondentes

185 874 532 918 misericordias.
564 875 623 918 Et
642 874 681 917 si
697 875 752 917 de
776 875 928 933 aliquo
949 875 1075 934 loqui
1095 875 1354 932 contigerit,
1385 875 1437 918 ad
1469 881 1546 917 tua
1565 873 1686 932 judi-

185 943 254 987 cia
277 943 558 987 ostendenda
587 959 737 986 mores
767 948 991 1002 expcnam
1016 949 1061 988 et
1096 949 1287 987 eventus
1320 944 1480 986 finales
1516 958 1680 985 rerum.

186 1012 254 1055 Tu
273 1012 395 1055 enim
421 1011 510 1055 scis
537 1012 656 1070 quia,
684 1013 730 1054 in
758 1012 828 1054 his
858 1013 949 1056 tuis
977 1009 1157 1071 vtibique
1184 1013 1346 1055 dicatis
1380 1011 1682 1065 sermonibus,

185 1096 278 1124 non
318 1085 550 1140 gratanter
593 1081 767 1138 excipio
807 1082 1078 1124 corrosionis
1105 1097 1155 1124 ac
1186 1081 1448 1124 invidentiae
1474 1080 1682 1129 verbum.

187 1149 304 1202 Quia
326 1149 466 1208 igitur
488 1149 693 1192 fortunas
719 1155 764 1192 et
784 1150 1029 1193 infortunia
1059 1166 1158 1193 mea
1186 1150 1242 1193 ad
1271 1150 1466 1192 aliorum
1495 1149 1686 1192 forsitan

186 1217 532 1276 qualecunque⁸
560 1218 914 1261 instrumentum
950 1219 1130 1262 decrevi
1159 1224 1415 1271 contexere,
1452 1219 1550 1276 ipsa
1583 1234 1687 1260 sus-

187 1286 409 1345 ceptionis
448 1302 559 1329 meae
594 1286 665 1329 die
692 1287 878 1345 quidam
910 1288 1159 1331 monachus
1192 1287 1357 1330 divinae
1390 1287 1567 1345 paginae
1596 1302 1687 1329 non

185 1354 386 1413 ignarus,
441 1360 705 1410 eventuum,
758 1361 810 1398 ut
854 1356 1029 1414 opinor,
1076 1372 1279 1399 meorum
1318 1356 1538 1409 curiosus,
1584 1371 1688 1398 cum

185 1423 367 1467 obviam
399 1423 511 1467 mihi
549 1424 790 1482 procedere
833 1430 1042 1483 pararent
1065 1425 1101 1478 ¹³,
1136 1430 1314 1468 textum
1354 1423 1592 1482 Evangelii
1631 1440 1687 1466 ex

185 1492 409 1536 industria
431 1507 567 1551 super
585 1492 727 1535 altare
744 1493 827 1536 hac
852 1494 1103 1537 intentione
1135 1494 1326 1552 aperuit,
1347 1498 1414 1545 ut,
1433 1493 1554 1551 quod
1569 1492 1688 1550 capi-

187 1561 337 1605 tulum
353 1560 496 1606 oculis
520 1561 719 1619 primum
743 1569 1012 1615 occurreret,
1039 1579 1120 1621 pro
1146 1563 1234 1606 mei
1258 1562 1458 1620 auspicio
1483 1561 1683 1604 haberet.

244 1630 353 1673 Erat
366 1634 518 1674 autem
545 1630 660 1673 liber
682 1631 1068 1690 manusscriptusc
1090 1647 1180 1674 non
1192 1631 1387 1690 paginis,
1410 1630 1490 1673 sed
1511 1630 1688 1672 colum-

183 1699 271 1742 nis.
308 1698 360 1742 In
395 1698 616 1742 columnae
647 1699 788 1756 igitur
824 1700 969 1742 tertiae
997 1701 1146 1743 medio
1179 1699 1338 1743 oculus
1378 1699 1477 1756 ejus
1501 1699 1684 1751 insedit,

184 1767 262 1826 qui
282 1767 410 1810 locus
430 1767 495 1810 sic
516 1783 564 1810 se
594 1768 780 1812 habuit:
813 1787 832 1808 «
862 1769 1064 1812 Lucerna
1089 1769 1290 1827 corporis
1320 1769 1389 1811 tui
1422 1773 1492 1811 est
1531 1767 1688 1810 oculus

184 1841 290 1880 tuus
306 1836 336 1879 ¹.
365 1854 386 1876 »
419 1836 620 1879 Diacono
644 1836 812 1894 itaque,
844 1838 921 1895 qui
945 1837 989 1880 in
1020 1837 1308 1896 processione
1333 1837 1570 1894 Evangelii
1590 1841 1689 1879 tex-

184 1910 283 1948 tum
304 1910 400 1948 erat
416 1905 703 1963 praelaturus,
724 1906 931 1964 imperat,
955 1911 1005 1949 ut
1019 1912 1123 1965 post
1144 1907 1365 1958 osculum,
1392 1906 1514 1964 quod
1531 1921 1689 1962 argen-

184 1979 269 2017 teae
293 1973 481 2031 imagini
501 1974 700 2017 exterius
723 1974 868 2017 affixae
892 1975 1123 2029 libassem,
1148 1975 1291 2033 digito
1320 1976 1417 2017 loco
1440 1974 1522 2028 illi,
1554 1989 1689 2032 quem

185 2046 438 2095 notaverat,
474 2042 760 2101 interposito,
819 2049 1004 2102 repente
1046 2044 1092 2086 in
1131 2044 1275 2086 oculis
1320 2044 1434 2086 meis
1475 2044 1689 2085 volumen

184 2111 406 2170 aperiens,
435 2111 612 2155 solicite
635 2112 905 2165 attenderet,
936 2125 1073 2171 quam
1093 2113 1139 2155 in
1155 2118 1331 2170 partem
1351 2112 1543 2155 intuitus
1562 2127 1690 2154 meus

186 2195 286 2223 sese
323 2179 585 2238 deponeret,
642 2181 837 2239 Aperuit
875 2198 981 2240 ergo
1020 2182 1202 2230 librum,
1247 2182 1318 2224 cui
1351 2181 1479 2239 juxta
1516 2195 1690 2222 morem

185 2249 468 2292 extrinsecus
501 2249 620 2292 labia
658 2250 985 2308 depresseram,
1022 2257 1082 2305 et,
1123 2251 1221 2309 ipso
1267 2255 1521 2308 aucupante
1555 2265 1689 2307 quor-

187 2333 290 2360 sum
312 2317 612 2371 intenderem,
654 2334 744 2361 non
782 2320 958 2378 paginae
994 2319 1123 2362 initia
1161 2320 1355 2378 respexi,
1401 2335 1491 2361 non
1534 2319 1685 2372 finem,

186 2386 267 2429 sed
287 2401 362 2429 ora
374 2391 419 2430 et
440 2387 597 2430 oculos
613 2388 670 2430 ad
692 2388 968 2431 versiculum
982 2387 1143 2431 deflexi
1164 2387 1405 2431 eundemd.
1433 2388 1521 2439 Qui
1537 2402 1691 2429 mona-

185 2454 298 2498 chus
333 2455 494 2498 talium
530 2455 773 2515 conjector,
804 2473 907 2500 cum
944 2457 1184 2500 intentioni
1215 2473 1307 2500 sua)
1339 2457 1507 2500 factum
1539 2471 1689 2498 meum

188 2619 211 2651 d
228 2587 261 2609 a.
287 2578 554 2651 qtbalemssnque
582 2579 624 2610 l).
643 2597 682 2601 —
701 2579 734 2611 b.
760 2579 791 2610 l)
817 2590 972 2621 proposc
995 2560 1156 2621 pat-arel.
1175 2599 1216 2603 —
1240 2592 1269 2612 (τ.
1291 2590 1396 2611 manu
1416 2580 1573 2620 scriptus
1592 2578 1633 2610 l).
1650 2596 1687 2601 ——

216 2629 321 2651 ‚eum
350 2630 404 2652 em
465 2646 471 2652 .

232 2790 260 2819 1.
286 2787 383 2825 Luc„
403 2788 463 2826 xl,
481 2790 519 2819 34
539 2799 546 2820 ;
564 2802 578 2816 «
598 2789 757 2820 Lucerna
775 2790 940 2831 eorporis
959 2791 1010 2821 tui
1029 2794 1084 2822 cst
1104 2792 1231 2822 oculus
1248 2793 1341 2822 tuus
1362 2804 1375 2817 »

299 2865 371 2893 Ven.
395 2865 543 2893 Guiberti
564 2866 638 2893 vita.
1547 2872 1564 2896 8
