1930 3224
288 213 373 256 204·
693 230 792 260 VEN.
829 230 1020 259 GUmERTl
1053 230 1159 258 VITAE
1191 231 1311 259 LIBER
1343 232 1386 260 Ill

348 328 479 369 Haud
511 328 644 386 longe
678 329 782 371 hinc
821 329 942 371 aliud
980 333 1198 371 statuerat
1238 330 1546 387 municipium,
1591 330 1771 374 nomine

290 395 593 453 Novigentum
618 397 646 438 ¹.
670 396 815 453 Hujus
831 396 1032 438 clavibus
1058 397 1152 453 regi
1175 397 1354 450 delatis,
1377 398 1534 440 incolae
1559 398 1772 456 profuge-

285 468 404 506 runt.
431 464 566 521 Apud
594 463 853 506 Creciacum
873 465 1013 522 aliqui
1040 464 1176 507 furcis
1204 466 1389 523 appensi
1413 471 1519 508 sunt
1545 467 1599 509 de
1628 466 1772 524 capti-

285 531 355 573 vis
381 531 436 573 ad
458 518 674 573 terrore‘m
693 532 994 585 defensorum,
1014 533 1153 590 aliqui
1173 534 1283 575 alias
1305 534 1463 588 occisi;
1494 534 1547 577 de
1576 534 1772 577 assulto-

286 598 410 640 ribus
432 599 582 641 nescio
601 600 639 641 si
653 600 817 658 aliquis
829 608 847 626 ἃ
861 606 1021 657 praeter
1038 617 1178 643 unum
1195 601 1399 645 militem.
1416 602 1609 644 Thomas
1622 606 1772 645 autem

287 667 407 724 apud
429 668 633 709 Marnam
654 668 864 710 tuebatur
898 684 961 721 se,
1000 669 1091 725 qui,
1131 668 1245 711 facta
1283 670 1537 727 pecuniaria
1568 669 1773 728 redemp-

286 734 407 776 tione
428 735 546 792 apud
570 751 721 793 regem
748 741 791 778 et
815 736 974 793 regios,
1005 742 1049 779 et
1082 742 1211 794 pacto
1235 737 1435 780 ecclesiis
1467 738 1631 780 damno
1653 738 1774 796 quod

285 801 467 855 fecerat,
506 803 607 845 hinc
647 804 759 861 paci,
796 805 919 846 illinc
959 820 1006 846 se
1038 805 1231 848 reddidit
1257 806 1576 849 communioni.
1613 806 1679 849 Ita
1704 806 1774 848 vir

286 871 488 913 omnium
528 871 876 928 superbissimus
907 873 1304 931 iniquissimusque
1336 889 1414 931 per
1450 889 1631 916 manum
1663 889 1773 932 pau-

287 939 542 995 perrimam,
568 955 701 997 quam
722 956 839 998 saepe
856 941 1062 998 punierat
1079 957 1300 999 quamque
1316 946 1559 999 spreverat,
1587 942 1773 1000 punitus

285 1005 402 1049 esth.
434 1007 551 1050 Illud
586 1023 675 1050 non
699 1013 767 1050 est
794 1009 1088 1062 reticendum,
1117 1010 1253 1067 quod,
1281 1025 1383 1052 cum
1407 1026 1484 1052 rex
1505 1010 1773 1053 Laudunum

285 1089 388 1116 cum
410 1091 490 1116 suo
511 1076 640 1118 hoste
659 1077 903 1129 venisset2,
919 1078 1033 1119 aeris
1051 1077 1263 1120 mollities
1283 1078 1599 1136 intempestiva
1612 1083 1773 1121 cuncta

286 1142 554 1187 reddiderat.
585 1144 707 1187 Tunc
734 1145 1095 1202 archiepiscopus
1115 1146 1131 1174 3
1160 1146 1215 1188 ad
1258 1159 1361 1189 eos:
1390 1166 1410 1186 «
1450 1145 1655 1200 Ommus,
1691 1146 1769 1203 ait,

289 1211 451 1267 Deum,
480 1216 546 1265 ut,
572 1212 608 1253 si
635 1213 732 1255 vult
755 1213 849 1255 fieri
876 1213 995 1270 quod
1022 1214 1353 1271 proposuimuS,
1392 1214 1468 1257 det
1493 1229 1716 1258 serenum.
1748 1232 1769 1255 »

292 1277 389 1329 Quo
407 1279 544 1332 dieto,
572 1295 646 1322 aer
669 1282 895 1338 extemplo
923 1282 1121 1324 renituit.
1256 1284 1259 1288 ’

351 1346 492 1404 Igitur
557 1348 792 1390 Dominica
840 1349 1098 1391 Palmarum
1122 1349 1137 1377 4
1207 1365 1412 1392 reversus
1465 1365 1490 1392 a
1536 1349 1773 1393 cartusiae

290 1414 560 1457 Godefridus
584 1416 835 1474 episcopus,
860 1417 992 1475 longe
1010 1418 1095 1460 alia
1123 1434 1257 1476 quarn
1274 1418 1336 1459 ibi
1356 1418 1587 1471 didicerat,
1607 1409 1773 1476 'incipit

287 1498 549 1541 propagare.
583 1484 748 1542 Regem
770 1501 874 1543 ergo
904 1486 1105 1536 arcessit,
1135 1491 1178 1528 et
1211 1486 1280 1527 die
1308 1486 1470 1528 celebri
1497 1502 1547 1528 ae
1578 1486 1772 1528 verendo

290 1551 439 1607 ipsum
466 1557 510 1594 et
542 1557 765 1594 astantem
796 1553 1011 1610 populum
1039 1554 1255 1596 adversus
1284 1558 1529 1607 turrenses,
1569 1569 1772 1596 sermone

290 1618 461 1672 habito,
486 1635 575 1661 non
598 1620 695 1674 Dei,
722 1621 799 1663 sed
823 1621 1100 1675 Catilinario,
1122 1622 1293 1664 irritare
1312 1622 1520 1676 intendit,
1547 1622 1772 1680 spondens

288 1702 423 1743 regna
451 1688 666 1730 coelorum
691 1689 777 1741 his,
806 1690 882 1746 qui
902 1690 1063 1731 turrim
1088 1690 1387 1747 expugnando
1410 1690 1635 1747 perierint.
1666 1691 1774 1732 Pos-

288 1755 419 1797 tridie
461 1771 541 1812 pro
578 1772 706 1798 muro
740 1757 1028 1800 Castellionis
1061 1757 1141 1815 (sic
1177 1758 1296 1800 enim
1328 1757 1532 1810 vocatur)
1568 1759 1773 1815 ingentes

290 1823 506 1865 machinae
531 1824 836 1881 porriguntur,
860 1826 1012 1883 eisque
1028 1826 1512 1883 militesimponuntur.
1531 1827 1773 1868 Turrenses

328 1953 358 1975 a.
379 1943 431 1974 ais
451 1944 613 1984 souligm':
632 1945 671 1976 B.
684 1964 724 1968 —
742 1945 775 1977 b.
797 1946 860 1976 Fin
879 1946 925 1976 du
944 1949 974 1976 8e
989 1957 1139 1987 passage
1154 1947 1198 1977 de
1211 1947 1323 1978 Du.-—
1341 1956 1370 1978 c.
1391 1946 1584 1978 Carthasia
1601 1946 1646 1979 D.

330 2097 358 2124 1.
385 2094 741 2131 Nouvion-Catillon,
762 2105 806 2125 ou
828 2095 1030 2133 l'Abbesse,
1047 2106 1090 2126 011
1111 2096 1231 2126 raison
1251 2096 1294 2126 de
1313 2105 1370 2126 ses
1387 2095 1478 2126 liens
1505 2105 1592 2127 avec
1608 2095 1773 2138 l'abbaye

287 2135 330 2165 de
348 2135 496 2165 semmes
512 2135 554 2165 de
573 2135 785 2167 Saint-Jean
803 2137 846 2166 de
863 2137 970 2174 Laon,
987 2140 1116 2168 canton
1139 2138 1181 2167 de
1199 2136 1528 2178 Crecy-sur-Serre.

329 2180 357 2207 2.
384 2176 486 2207 Cette
499 2177 704 2216 expedition
716 2178 734 2207 a
748 2178 854 2215 Laou,
869 2179 955 2208 dont
969 2178 1123 2209 Guibert
1139 2188 1181 2209 ne
1196 2179 1294 2218 pax-le
1313 2188 1375 2218 pas
1387 2178 1549 2218 lorsqu'il
1561 2178 1667 2210 traite
1679 2179 1722 2210 de
1740 2180 1773 2210 la

288 2227 476 2248 commune
492 2218 535 2248 de
555 2217 662 2257 Laon,
689 2228 725 2249 se
742 2220 843 2259 place
868 2220 961 2250 donc
981 2222 1082 2250 entre
1104 2219 1334 2259 l’expedition
1360 2221 1484 2250 contre
1502 2220 1667 2250 Nouvion
1690 2222 1726 2251 et
1739 2220 1772 2251 le

287 2259 398 2289 debut
418 2259 465 2289 du
485 2259 580 2298 siege
597 2261 641 2290 de
665 2260 774 2292 Laon.
795 2260 848 2291 Cs.
874 2260 998 2300 Suger,
1017 2271 1073 2301 op.
1093 2261 1165 2299 cit„
1185 2271 1218 2301 p.
1247 2264 1359 2299 82-833
1391 2261 1576 2299 Luchaire,
1600 2261 1770 2298 Annales,

286 2307 324 2331 11ο
341 2303 410 2338 189,
429 2310 463 2340 p.
484 2304 593 2333 95-96.
607 2320 646 2323 —
659 2303 714 2332 Au
727 2302 860 2332 second
878 2303 1098 2343 paragraphe
1110 2303 1153 2333 de
1170 2312 1208 2333 ce
1224 2304 1338 2333 meme
1350 2302 1509 2342 chapitre
1528 2312 1600 2339 xw,
1618 2301 1772 2334 Guibert,

285 2342 385 2382 parle
410 2342 452 2372 de
480 2342 692 2373 l'exeeution
721 2343 763 2374 de
791 2344 972 2383 Tcugaud,
995 2344 1179 2374 l'assassin
1204 2344 1247 2374 dc
1280 2343 1416 2374 Gaudri
1439 2356 1452 2370 u
1478 2346 1561 2383 post
1587 2343 1769 2375 biennium

286 2383 583 2415 internecionis...
603 2384 639 2414 in
651 2385 925 2425 quadragesima
942 2398 970 2416 ».
990 2386 1105 2423 Ainsi,
1122 2385 1184 2415 des
1198 2387 1289 2421 1111,
1302 2395 1321 2416 a
1335 2385 1540 2416 commence
1555 2385 1588 2415 13
1605 2385 1771 2425 punition

287 2425 350 2455 des
368 2424 525 2455 revolte's
543 2425 586 2456 de
604 2425 711 2456 Laon.

327 2469 356 2496 3.
383 2465 508 2504 Raoul,
528 2467 752 2506 archeveque
770 2468 813 2497 de
833 2467 965 2498 Reims.
989 2468 1015 2498 11
1033 2477 1081 2498 ne·
1093 2468 1195 2507 s'agit
1210 2478 1273 2507 pas
1291 2467 1338 2498 ici
1354 2467 1401 2497 du
1419 2468 1579 2498 moment
1596 2468 1641 2498 οὺ
1658 2467 1770 2498 Raoul

288 2516 325 2537 se
353 2508 512 2538 trouvait
533 2508 552 2538 a
575 2508 672 2538 Laon
696 2518 786 2548 pour
810 2510 841 2539 la
869 2508 1140 2540 reconciliation
1167 2510 1210 2539 de
1233 2510 1265 2540 la
1286 2508 1489 2539 cathedrale
1517 2509 1553 2549 (l.
1580 2508 1642 2547 111,
1669 2519 1700 2540 c.
1723 2509 1769 2550 x),

287 2547 505 2579 c'est-a-dire
521 2550 564 2579 de
582 2552 673 2580 1112.

329 2591 357 2620 4.
386 2593 419 2620 11
442 2590 534 2621 avril
558 2594 647 2621 1115.
671 2590 782 2629 Suger
806 2592 858 2622 dit
885 2592 1114 2631 simplement
1142 2602 1210 2631 que
1234 2593 1266 2622 10
1293 2591 1386 2631 siege
1408 2591 1454 2620 du
1481 2590 1654 2622 Castillon
1673 2601 1771 2622 com-

288 2640 412 2668 menea
435 2631 539 2671 apres
563 2631 793 2672 l’expedition
817 2635 942 2663 contre
967 2633 1122 2663 Thomas
1149 2633 1192 2663 de
1220 2632 1343 2664 Marle.
1374 2631 1522 2672 D'apres
1549 2631 1714 2670 Guibert,
1745 2632 1769 2662 il

288 2681 494 2703 commence
512 2673 543 2704 10
562 2676 599 2703 12
620 2673 723 2712 avril,
742 2674 928 2714 postridie,
947 2674 1051 2714 apres
1070 2674 1121 2704 les
1141 2674 1322 2705 Rameaux
1349 2672 1399 2713 (et
1419 2682 1490 2704 non
1506 2674 1538 2704 le
1557 2676 1606 2711 11,
1631 2682 1768 2704 comme

288 2713 340 2744 dit
359 2713 544 2752 Luehaire,
563 2724 618 2755 op.
637 2714 710 2748 cit..
727 2721 764 2744 11⁰
786 2717 855 2751 190,
875 2725 908 2755 p.
925 2717 989 2756 96),
1011 2725 1103 2755 pour
1119 2715 1226 2745 dut-er
1241 2716 1333 2746 deux
1350 2724 1425 2752 anS,
1452 2715 1551 2745 selon
1573 2714 1695 2754 Suger.
1714 2714 1768 2744 En
1922 2739 1928 2755 ἲ

287 2754 362 2793 fait,
382 2755 535 2786 Guibert
549 2755 637 2786 ecrit
655 2765 717 2787 son
733 2756 917 2787 troisieme
936 2757 1025 2787 livre
1043 2759 1151 2788 avant
1168 2757 1199 2787 13
1214 2756 1262 2786 fin
1279 2757 1326 2787 du
1344 2755 1450 2795 siege.
1924 2758 1930 2794 1
