1930 3224
538 271 637 304 vm.
673 270 869 301 emman
901 271 1010 301 vrm
1039 271 1163 300 Lmen
1195 271 1207 299 1
1559 257 1606 300 51

114 386 206 429 anu
227 386 319 419 non
341 370 537 414 videndo
561 370 644 425 sed
660 370 885 413 audiendo
908 370 1143 423 didicerat,
1174 385 1287 429 quos
1314 373 1408 413 tam
1433 378 1451 397 ἃ
1484 386 1616 428 sapo-

115 454 241 493 rose,
269 443 322 482 ut
356 439 422 482 sic
459 433 668 492 dixerim,
704 437 865 481 diebus
907 454 957 481 ac
1003 438 1213 481 noctibus
1258 437 1530 493 ruminabat,
1568 443 1619 481 ut

12 512 49 555 ³}
115 506 385 566 nuuquamb
403 507 633 584 suspiriis,
669 521 902 566 nunquam
916 506 1237 565 bgemitibus
1226 523 1272 550 ln
1298 507 1484 550 auribus
1507 507 1614 560 tuis,

115 576 254 633 Dema,
285 575 555 621 suavissime
572 590 791 618 resonans
811 575 1038 619 cantilena
1058 576 1135 619 illa
1154 579 1341 619 careret.
1365 575 1415 619 Si
1438 575 1619 634 quando

115 660 226 695 vero
268 649 526 688 exterorum
565 644 800 687 hominum
832 645 1137 688 conventiculi
1183 643 1282 702 ejus
1327 644 1620 687 solitudinem

19 709 55 777 J
118 728 256 775 quam
278 712 638 772 amplectebatur
656 713 903 756 admodum
930 713 1165 756 turbarent
1184 721 1200 741 ⁶
1228 713 1389 789 (tcum
1377 729 1476 772 ipsa
1500 713 1621 756 enim

119 797 293 840 ᾳωιιθε,
319 781 398 841 qui
423 781 568 840 ipsius
595 782 827 830 notionem
860 782 1122 859 attigerant,
1163 782 1250 825 viri
1285 782 1535 840 praesertim
1570 797 1622 824 ac

116 850 316 907 ἕψωίιιω
342 849 535 912 nobiles,
571 850 787 909 quoniam
818 851 930 894 mire
966 856 1062 894 erat
1089 851 1233 894 faceta
1268 856 1313 894 et
1344 855 1619 927 temperans,

116 919 376 979 gratissime
401 919 741 978 loquebantur),
769 920 881 978 ipsis
899 919 1253 972 discedentibus,
1279 920 1317 962 si
1343 919 1451 978 quid
1474 919 1624 962 minus

43 991 57 1026 ’ἰ
117 996 299 1043 verum,
326 987 366 1037 si
389 987 500 1047 quid
516 987 663 1040 futile,
693 988 732 1030 si
755 988 865 1046 quid
891 988 1094 1031 ociosum
1115 1004 1162 1031 se
1181 988 1421 1047 colloquiis
1440 988 1626 1031 immer-

120 1056 274 1111 sisset,
299 1055 416 1101 illud
437 1057 485 1100 in
501 1056 625 1099 illius
645 1057 796 1100 animo
821 1057 910 1100 dici
930 1073 1020 1100 non
1041 1061 1192 1116 potest
1213 1073 1326 1115 quas
1347 1057 1626 1115 parturiebat

121 1125 374 1185 angustias»,
397 1125 541 1169 donec
562 1125 720 1168 solitas
737 1131 816 1169 aut
836 1121 1201 1185 compunctionis
1225 1141 1304 1168 seu
1325 1125 1626 1168 confessionis

121 1194 367 1252 attingeret
393 1194 553 1238 undas.

131 1316 134 1318 ,
151 1263 271 1317 „Sed
292 1268 712 1322 quantumcumque
733 1263 953 1317 studium,
977 1268 1344 1323 quantacumque
1365 1263 1624 1307 sollicitudo

121 1331 222 1392 ejus
240 1331 485 1376 haberetur
508 1332 555 1375 in
582 1332 767 1386 talibus,
798 1333 863 1375 nil
889 1333 1080 1385 fiduciae,
1112 1333 1175 1375 nil
1202 1333 1459 1385 securitatis
1486 1333 1628 1376 menti

122 1400 219 1461 ejus
249 1401 407 1453 afferre
428 1405 621 1460 poterat,
650 1401 760 1460 quin
785 1417 963 1459 semper
986 1402 1180 1458 lugeret,
1209 1402 1320 1459 quin
1337 1411 1544 1460 semper,
1571 1418 1627 1444 an

121 1475 327 1522 reatuum
343 1485 530 1514 suorum
539 1475 696 1529 posset
709 1470 870 1513 mereri
885 1470 1081 1523 veniam,
1096 1469 1377 1513 flebilissime
1392 1471 1624 1529 rogitaret,

121 1543 168 1584 et
191 1544 243 1582 tu
269 1539 376 1594 scis,
405 1539 545 1593 Deus,
572 1544 846 1597 quantorum
868 1544 1171 1597 peccatorum,
1196 1543 1241 1582 et
1266 1554 1349 1581 nos
1374 1555 1465 1582 non
1486 1539 1628 1582 nesci-

122 1623 241 1653 mus.
262 1607 411 1662 Quam
435 1607 621 1666 parvad,
651 1613 737 1661 est,
767 1608 978 1661 Domine,
1008 1607 1065 1650 ad
1086 1608 1471 1666 comparationem
1494 1609 1592 1667 ejus
1613 1616 1629 1635 ‘³

123 1676 451 1736 quorundamf,
479 1676 559 1735 qui
588 1692 735 1734 neque
765 1676 936 1730 dolent,
971 1692 1116 1735 neque
1145 1677 1390 1735 suspirant,
1415 1685 1629 1720 summa9

88 1777 90 1779 -
123 1760 280 1808 eorum
307 1746 316 1788 Ε
348 1745 415 1789 Tu
440 1746 578 1799 nosti,
615 1746 828 1799 Domine,
863 1745 910 1787 in
937 1750 1159 1803 quantum
1185 1745 1205 1771 ἰ
1243 1745 1394 1788 metiri
1425 1746 1629 1804 poteram

123 1817 296 1865 statum
321 1813 610 1872 cogitationis
639 1814 801 1872 ipsius,
829 1814 948 1872 quod
984 1830 1216 1872 nunquam
1244 1814 1290 1856 in
1331 1814 1494 1857 timore
1521 1830 1629 1873 sup-

123 1881 249 1942 plicii
270 1887 319 1926 et
336 1898 489 1926 amore
517 1883 586 1925 tui
611 1882 711 1941 ejus
734 1882 926 1926 viderim
951 1883 1154 1927 animum
1174 1883 1387 1941 tepuisse.

705 2104 926 2163 [CAPUT
953 2105 1052 2163 xv]

189 2243 311 2298 Quid
330 2244 462 2303 plura
483 2245 504 2288 ’.Ρ
529 2245 644 2303 ipsa,
672 2250 740 2299 ut,
767 2245 1053 2303 praelibatum
1081 2250 1166 2299 est,
1202 2246 1366 2288 saeculo
1394 2247 1632 2304 repudium

131 2313 196 2357 ita
214 2313 369 2368 dante,
392 2328 476 2371 ego
497 2313 623 2356 solus
645 2313 742 2357 sine
760 2319 919 2368 matre,
945 2314 1041 2356 sine
1062 2314 1297 2372 pedagogo
1311 2315 1336 2369 ¹⁴,
1356 2316 1453 2358 sine
1468 2316 1633 2374 magis-

51 2435 54 2438 ,
130 2386 201 2437 tro
228 2397 565 2426 remanseram.
608 2382 689 2425 Ille
734 2382 871 2435 enim,
913 2382 991 2440 qui
1036 2398 1107 2425 me
1151 2383 1262 2426 adeo
1302 2384 1495 2426 fideliter
1533 2388 1636 2443 post

39 2479 64 2490 -,
132 2454 324 2494 matrem
351 2451 624 2494 educaverat
648 2456 786 2510 atque
814 2451 1045 2506 docuerat,
1080 2452 1239 2494 matris
1266 2468 1378 2495 meae
1405 2453 1632 2511 exemplo,

132 2534 284 2563 amore
310 2535 360 2563 ac
381 2520 559 2564 monitu
585 2520 853 2573 concitatus,
887 2520 943 2562 ad
967 2521 1288 2564 monachatum
1312 2521 1512 2564 Flaviaci
1538 2537 1636 2564 sese

132 2588 402 2632 contulerat.
422 2588 569 2632 Prava
583 2604 690 2647 ergo
706 2588 915 2631 libertate
930 2589 1119 2646 potitus,
1142 2590 1258 2648 coepi
1273 2590 1638 2648 intemperantis-

175 2719 208 2742 ἐι.
225 2710 406 2743 tamenD.
425 2709 517 2743 —b.
539 2720 740 2752 numquam
758 2710 801 2741 D.
821 2727 861 2733 —
887 2720 916 2742 e.
934 2710 1171 2743 solitudinis..
1180 2711 1494 2743 .turbarenturB
1513 2712 1562 2752 (et
1579 2713 1638 2754 D).

133 2769 177 2776 -—
201 2751 237 2784 d.
258 2762 371 2794 prava
397 2752 424 2783 B
452 2753 501 2794 (et
528 2753 586 2794 D).
608 2761 691 2783 -e.
715 2752 815 2784 Corr.
837 2752 882 2783 de
899 2752 943 2784 D.
973 2753 1072 2784 luam
1099 2753 1137 2784 Β.
1159 2771 1196 2776 -
1214 2752 1241 2793 f
1261 2753 1506 2801 quorumdam
1529 2754 1573 2786 D.
1598 2773 1640 2778 —

134 2802 172 2836 9.
188 2793 394 2834 exponetue
418 2794 458 2827 B.
488 2793 630 2826 somnio
661 2794 702 2835 (Ἰ)
726 2793 981 2826 interlineaire.
1010 2812 1051 2818 —
1075 2794 1110 2827 h.
1132 2796 1308 2837 quantam
1342 2796 1385 2827 D.
1406 2813 1448 2818 —
1474 2795 1498 2828 i.
1524 2796 1640 2838 paeda-

137 2843 234 2878 9⁰9⁰
258 2834 303 2867 D.
