<?xml version="1.0" encoding="UTF-8"?>
<!DOCTYPE html PUBLIC "-//W3C//DTD XHTML 1.0 Transitional//EN"
    "http://www.w3.org/TR/xhtml1/DTD/xhtml1-transitional.dtd">
<html xmlns="http://www.w3.org/1999/xhtml" xml:lang="en" lang="en">
 <head>
  <title>
</title>
<meta http-equiv="Content-Type" content="text/html;charset=utf-8" />
  <meta name='ocr-system' content='tesseract 3.04.00' />
  <meta name='ocr-capabilities' content='ocr_page ocr_carea ocr_par ocr_line ocrx_word'/>
</head>
<body>
  <div class='ocr_page' id='page_1' title='image "./histoiredesavie100guibuoft_0311.png"; bbox 0 0 1930 3224; ppageno 0'>
   <div class='ocr_carea' id='block_1_1' title="bbox 0 0 279 117">
    <p class='ocr_par' dir='ltr' id='par_1_1' title="bbox 0 0 279 117">
     <span class='ocr_line' id='line_1_1' title="bbox 105 0 279 23; baseline 0 -4"><span class='ocrx_word' id='word_1_1' title='bbox 105 18 107 23; x_wconf 81' lang='grc'>,</span> <span class='ocrx_word' id='word_1_2' title='bbox 131 0 279 23; x_wconf 46' lang='lat' dir='ltr'>{wag-¹³⁹².</span> 
     </span>
     <span class='ocr_line' id='line_1_2' title="bbox 0 0 83 117; baseline 0 0"><span class='ocrx_word' id='word_1_3' title='bbox 0 0 5 116; x_wconf 89' lang='grc' dir='ltr'>Ι</span> <span class='ocrx_word' id='word_1_4' title='bbox 43 97 83 117; x_wconf 45' lang='grc' dir='ltr'><em>Ἣ</em></span> 
     </span>
    </p>
   </div>
   <div class='ocr_carea' id='block_1_2' title="bbox 812 248 1675 290">
    <p class='ocr_par' dir='ltr' id='par_1_2' title="bbox 812 248 1675 290">
     <span class='ocr_line' id='line_1_3' title="bbox 812 248 1675 290; baseline 0 0"><span class='ocrx_word' id='word_1_5' title='bbox 812 261 1036 290; x_wconf 72' lang='lat' dir='ltr'>APPENDICE</span> <span class='ocrx_word' id='word_1_6' title='bbox 1071 262 1083 290; x_wconf 93' lang='lat'><em>1</em></span> <span class='ocrx_word' id='word_1_7' title='bbox 1591 248 1675 290; x_wconf 86' lang='lat'>237</span> 
     </span>
    </p>
   </div>
   <div class='ocr_carea' id='block_1_3' title="bbox 171 358 1739 2755">
    <p class='ocr_par' dir='ltr' id='par_1_3' title="bbox 171 358 1739 2755">
     <span class='ocr_line' id='line_1_4' title="bbox 174 358 1675 418; baseline 0.001 -18"><span class='ocrx_word' id='word_1_8' title='bbox 174 358 553 412; x_wconf 78' lang='lat' dir='ltr'>introconcluSUS,</span> <span class='ocrx_word' id='word_1_9' title='bbox 597 375 644 401; x_wconf 90' lang='lat' dir='ltr'>se</span> <span class='ocrx_word' id='word_1_10' title='bbox 688 359 823 402; x_wconf 83' lang='lat' dir='ltr'>latere</span> <span class='ocrx_word' id='word_1_11' title='bbox 869 360 1073 418; x_wconf 82' lang='lat' dir='ltr'>putabat.</span> <span class='ocrx_word' id='word_1_12' title='bbox 1118 360 1322 418; x_wconf 86' lang='lat' dir='ltr'>Cumque</span> <span class='ocrx_word' id='word_1_13' title='bbox 1362 360 1444 402; x_wconf 88' lang='lat' dir='ltr'>hac</span> <span class='ocrx_word' id='word_1_14' title='bbox 1482 360 1675 418; x_wconf 85' lang='lat' dir='ltr'>illacque</span> 
     </span>
     <span class='ocr_line' id='line_1_5' title="bbox 175 426 1678 487; baseline 0.001 -18"><span class='ocrx_word' id='word_1_15' title='bbox 175 426 478 470; x_wconf 82' lang='lat' dir='ltr'><strong>discurrentes</strong></span> <span class='ocrx_word' id='word_1_16' title='bbox 501 428 579 470; x_wconf 92' lang='lat' dir='ltr'>ubi</span> <span class='ocrx_word' id='word_1_17' title='bbox 600 433 735 482; x_wconf 87' lang='lat' dir='ltr'>esset,</span> <span class='ocrx_word' id='word_1_18' title='bbox 762 444 850 470; x_wconf 91' lang='lat' dir='ltr'>non</span> <span class='ocrx_word' id='word_1_19' title='bbox 871 429 1124 487; x_wconf 85' lang='lat' dir='ltr'>episcopuS,</span> <span class='ocrx_word' id='word_1_20' title='bbox 1156 427 1235 470; x_wconf 88' lang='lat' dir='ltr'>sed</span> <span class='ocrx_word' id='word_1_21' title='bbox 1261 427 1437 470; x_wconf 86' lang='lat' dir='ltr'>furtifer</span> <span class='ocrx_word' id='word_1_22' title='bbox 1453 436 1470 454; x_wconf 77' lang='lat'>‘¹¹</span> <span class='ocrx_word' id='word_1_23' title='bbox 1500 428 1678 471; x_wconf 85' lang='lat' dir='ltr'>concla-</span> 
     </span>
     <span class='ocr_line' id='line_1_6' title="bbox 176 496 1677 555; baseline 0 -17"><span class='ocrx_word' id='word_1_24' title='bbox 176 501 366 548; x_wconf 87' lang='lat' dir='ltr'>marent,</span> <span class='ocrx_word' id='word_1_25' title='bbox 390 511 533 538; x_wconf 90' lang='lat' dir='ltr'>unum</span> <span class='ocrx_word' id='word_1_26' title='bbox 559 496 614 538; x_wconf 88' lang='lat' dir='ltr'>de</span> <span class='ocrx_word' id='word_1_27' title='bbox 639 497 839 555; x_wconf 85' lang='lat' dir='ltr'><strong>puerulis</strong></span> <span class='ocrx_word' id='word_1_28' title='bbox 862 497 958 555; x_wconf 89' lang='lat' dir='ltr'>ejus</span> <span class='ocrx_word' id='word_1_29' title='bbox 975 497 1241 554; x_wconf 91' lang='lat' dir='ltr'>corripiunt,</span> <span class='ocrx_word' id='word_1_30' title='bbox 1272 496 1351 538; x_wconf 90' lang='lat' dir='ltr'>sed</span> <span class='ocrx_word' id='word_1_31' title='bbox 1383 496 1428 538; x_wconf 91' lang='lat' dir='ltr'>in</span> <span class='ocrx_word' id='word_1_32' title='bbox 1463 497 1549 539; x_wconf 88' lang='lat' dir='ltr'>fide</span> <span class='ocrx_word' id='word_1_33' title='bbox 1579 497 1677 554; x_wconf 86' lang='lat' dir='ltr'>ejus</span> 
     </span>
     <span class='ocr_line' id='line_1_7' title="bbox 174 563 1678 622; baseline 0.001 -16"><span class='ocrx_word' id='word_1_34' title='bbox 174 563 240 606; x_wconf 90' lang='lat' dir='ltr'>nil</span> <span class='ocrx_word' id='word_1_35' title='bbox 272 564 394 622; x_wconf 91' lang='lat' dir='ltr'>quod</span> <span class='ocrx_word' id='word_1_36' title='bbox 430 564 516 607; x_wconf 91' lang='lat' dir='ltr'>sibi</span> <span class='ocrx_word' id='word_1_37' title='bbox 551 564 712 608; x_wconf 89' lang='lat' dir='ltr'>liberet</span> <span class='ocrx_word' id='word_1_38' title='bbox 742 565 958 608; x_wconf 87' lang='lat' dir='ltr'>efficiunt.</span> <span class='ocrx_word' id='word_1_39' title='bbox 989 565 1199 607; x_wconf 88' lang='lat' dir='ltr'>Alterum</span> <span class='ocrx_word' id='word_1_40' title='bbox 1237 569 1526 618; x_wconf 89' lang='lat' dir='ltr'>atrectantes,</span> <span class='ocrx_word' id='word_1_41' title='bbox 1563 570 1678 608; x_wconf 91' lang='lat' dir='ltr'>nutu</span> 
     </span>
     <span class='ocr_line' id='line_1_8' title="bbox 173 627 1739 692; baseline 0 -16"><span class='ocrx_word' id='word_1_42' title='bbox 173 633 334 690; x_wconf 84' lang='lat' dir='ltr'>perfidi</span> <span class='ocrx_word' id='word_1_43' title='bbox 371 649 460 692; x_wconf 91' lang='lat' dir='ltr'>quo</span> <span class='ocrx_word' id='word_1_44' title='bbox 487 638 606 676; x_wconf 89' lang='lat' dir='ltr'>esset</span> <span class='ocrx_word' id='word_1_45' title='bbox 638 634 895 692; x_wconf 90' lang='lat' dir='ltr'>querendus</span> <span class='ocrx_word' id='word_1_46' title='bbox 922 634 1163 691; x_wconf 89' lang='lat' dir='ltr'>accipiunt.</span> <span class='ocrx_word' id='word_1_47' title='bbox 1203 633 1513 691; x_wconf 90' lang='lat' dir='ltr'>Ingredientes</span> <span class='ocrx_word' id='word_1_48' title='bbox 1539 633 1678 691; x_wconf 90' lang='lat' dir='ltr'>igitur</span> <span class='ocrx_word' id='word_1_49' title='bbox 1735 627 1739 632; x_wconf 63' lang='grc'><em>’</em></span> 
     </span>
     <span class='ocr_line' id='line_1_9' title="bbox 174 701 1673 761; baseline 0.001 -18"><span class='ocrx_word' id='word_1_50' title='bbox 174 701 407 744; x_wconf 85' lang='lat' dir='ltr'>cellarium</span> <span class='ocrx_word' id='word_1_51' title='bbox 431 707 476 745; x_wconf 89' lang='lat' dir='ltr'>et</span> <span class='ocrx_word' id='word_1_52' title='bbox 495 702 843 761; x_wconf 83' lang='lat' dir='ltr'>circumquaque</span> <span class='ocrx_word' id='word_1_53' title='bbox 864 705 1096 755; x_wconf 81' lang='lat' dir='ltr'>rimantes,</span> <span class='ocrx_word' id='word_1_54' title='bbox 1120 701 1321 760; x_wconf 78' lang='lat' dir='ltr'>prefatus</span> <span class='ocrx_word' id='word_1_55' title='bbox 1342 702 1673 758; x_wconf 70' lang='lat' dir='ltr'>Teudegaldus,</span> 
     </span>
     <span class='ocr_line' id='line_1_10' title="bbox 174 770 1676 829; baseline 0.001 -17"><span class='ocrx_word' id='word_1_56' title='bbox 174 785 307 828; x_wconf 92' lang='lat' dir='ltr'>quem</span> <span class='ocrx_word' id='word_1_57' title='bbox 332 770 493 814; x_wconf 88' lang='lat' dir='ltr'>ceteris</span> <span class='ocrx_word' id='word_1_58' title='bbox 516 771 662 813; x_wconf 86' lang='lat' dir='ltr'>acrius</span> <span class='ocrx_word' id='word_1_59' title='bbox 689 772 858 825; x_wconf 89' lang='lat' dir='ltr'>oderat,</span> <span class='ocrx_word' id='word_1_60' title='bbox 882 770 1138 828; x_wconf 80' lang='lat' dir='ltr'>vestigabat</span> <span class='ocrx_word' id='word_1_61' title='bbox 1165 771 1442 829; x_wconf 89' lang='lat' dir='ltr'>episcopum.</span> <span class='ocrx_word' id='word_1_62' title='bbox 1472 771 1676 828; x_wconf 89' lang='lat' dir='ltr'>Cumque</span> 
     </span>
     <span class='ocr_line' id='line_1_11' title="bbox 174 838 1669 899; baseline 0.001 -18"><span class='ocrx_word' id='word_1_63' title='bbox 174 853 254 896; x_wconf 89' lang='lat' dir='ltr'>per</span> <span class='ocrx_word' id='word_1_64' title='bbox 279 839 458 896; x_wconf 87' lang='lat' dir='ltr'>singula</span> <span class='ocrx_word' id='word_1_65' title='bbox 475 855 578 882; x_wconf 91' lang='lat' dir='ltr'>eum</span> <span class='ocrx_word' id='word_1_66' title='bbox 605 855 713 882; x_wconf 88' lang='lat' dir='ltr'>vasa</span> <span class='ocrx_word' id='word_1_67' title='bbox 744 840 1059 899; x_wconf 83' lang='lat' dir='ltr'>disquirerent,</span> <span class='ocrx_word' id='word_1_68' title='bbox 1085 839 1169 881; x_wconf 90' lang='lat' dir='ltr'>iste</span> <span class='ocrx_word' id='word_1_69' title='bbox 1194 855 1273 897; x_wconf 87' lang='lat' dir='ltr'>pro</span> <span class='ocrx_word' id='word_1_70' title='bbox 1294 838 1441 881; x_wconf 88' lang='lat' dir='ltr'>fronte</span> <span class='ocrx_word' id='word_1_71' title='bbox 1466 840 1669 893; x_wconf 89' lang='lat' dir='ltr'>tonnule,</span> 
     </span>
     <span class='ocr_line' id='line_1_12' title="bbox 173 906 1677 966; baseline 0.001 -17"><span class='ocrx_word' id='word_1_72' title='bbox 173 906 222 949; x_wconf 89' lang='lat' dir='ltr'>in</span> <span class='ocrx_word' id='word_1_73' title='bbox 239 923 327 966; x_wconf 86' lang='lat' dir='ltr'>qua</span> <span class='ocrx_word' id='word_1_74' title='bbox 357 907 527 951; x_wconf 83' lang='lat' dir='ltr'>latebat</span> <span class='ocrx_word' id='word_1_75' title='bbox 559 908 709 961; x_wconf 88' lang='lat' dir='ltr'>homo,</span> <span class='ocrx_word' id='word_1_76' title='bbox 741 909 960 960; x_wconf 79' lang='lat' dir='ltr'>substitit,</span> <span class='ocrx_word' id='word_1_77' title='bbox 991 913 1036 951; x_wconf 91' lang='lat' dir='ltr'>et</span> <span class='ocrx_word' id='word_1_78' title='bbox 1061 924 1243 950; x_wconf 87' lang='lat' dir='ltr'>recusso</span> <span class='ocrx_word' id='word_1_79' title='bbox 1267 907 1393 950; x_wconf 91' lang='lat' dir='ltr'>obice</span> <span class='ocrx_word' id='word_1_80' title='bbox 1423 908 1677 950; x_wconf 85' lang='lat' dir='ltr'>scissitatur</span> 
     </span>
     <span class='ocr_line' id='line_1_13' title="bbox 173 975 1677 1035; baseline 0 -17"><span class='ocrx_word' id='word_1_81' title='bbox 173 975 497 1034; x_wconf 79' lang='lat' dir='ltr'>ingeminando</span> <span class='ocrx_word' id='word_1_82' title='bbox 528 977 630 1035; x_wconf 91' lang='lat' dir='ltr'>quis</span> <span class='ocrx_word' id='word_1_83' title='bbox 660 983 793 1020; x_wconf 83' lang='lat' dir='ltr'>esset.</span> <span class='ocrx_word' id='word_1_84' title='bbox 825 977 1108 1035; x_wconf 89' lang='lat' dir='ltr'>Cumqueeo</span> <span class='ocrx_word' id='word_1_85' title='bbox 1136 977 1382 1035; x_wconf 86' lang='lat' dir='ltr'>fustigante</span> <span class='ocrx_word' id='word_1_86' title='bbox 1415 976 1561 1034; x_wconf 89' lang='lat' dir='ltr'>gelida</span> <span class='ocrx_word' id='word_1_87' title='bbox 1598 976 1677 1018; x_wconf 87' lang='lat' dir='ltr'>vix</span> 
     </span>
     <span class='ocr_line' id='line_1_14' title="bbox 175 1045 1675 1104; baseline 0.001 -18"><span class='ocrx_word' id='word_1_88' title='bbox 175 1059 252 1087; x_wconf 88' lang='lat' dir='ltr'>ora</span> <span class='ocrx_word' id='word_1_89' title='bbox 278 1045 511 1099; x_wconf 88' lang='lat' dir='ltr'>movisset,</span> <span class='ocrx_word' id='word_1_90' title='bbox 543 1045 677 1088; x_wconf 87' lang='lat' dir='ltr'>infert</span> <span class='ocrx_word' id='word_1_91' title='bbox 705 1060 713 1090; x_wconf 73' lang='grc' dir='ltr'><em>ζ</em></span> <span class='ocrx_word' id='word_1_92' title='bbox 748 1065 767 1085; x_wconf 88' lang='lat'>«.</span> <span class='ocrx_word' id='word_1_93' title='bbox 801 1046 1018 1104; x_wconf 85' lang='lat' dir='ltr'>Captivus</span> <span class='ocrx_word' id='word_1_94' title='bbox 1050 1064 1087 1098; x_wconf 90' lang='lat'>»,</span> <span class='ocrx_word' id='word_1_95' title='bbox 1122 1045 1283 1103; x_wconf 88' lang='lat' dir='ltr'>inquit.</span> <span class='ocrx_word' id='word_1_96' title='bbox 1316 1045 1501 1089; x_wconf 84' lang='lat' dir='ltr'>Solebat</span> <span class='ocrx_word' id='word_1_97' title='bbox 1523 1050 1675 1088; x_wconf 87' lang='lat' dir='ltr'>autem</span> 
     </span>
     <span class='ocr_line' id='line_1_15' title="bbox 173 1113 1676 1172; baseline -0.001 -16"><span class='ocrx_word' id='word_1_98' title='bbox 173 1113 269 1172; x_wconf 90' lang='lat' dir='ltr'>ipse</span> <span class='ocrx_word' id='word_1_99' title='bbox 289 1113 529 1172; x_wconf 89' lang='lat' dir='ltr'>episcopus</span> <span class='ocrx_word' id='word_1_100' title='bbox 555 1130 658 1156; x_wconf 92' lang='lat' dir='ltr'>eum</span> <span class='ocrx_word' id='word_1_101' title='bbox 691 1115 998 1172; x_wconf 83' lang='lat' dir='ltr'>Ysengrinum</span> <span class='ocrx_word' id='word_1_102' title='bbox 1026 1114 1254 1156; x_wconf 90' lang='lat' dir='ltr'>irridendo</span> <span class='ocrx_word' id='word_1_103' title='bbox 1282 1129 1459 1168; x_wconf 86' lang='lat' dir='ltr'>vocare,</span> <span class='ocrx_word' id='word_1_104' title='bbox 1494 1118 1676 1172; x_wconf 88' lang='lat' dir='ltr'>propter</span> 
     </span>
     <span class='ocr_line' id='line_1_16' title="bbox 174 1182 1672 1241; baseline -0.001 -16"><span class='ocrx_word' id='word_1_105' title='bbox 174 1182 378 1240; x_wconf 86' lang='lat' dir='ltr'>lupinam</span> <span class='ocrx_word' id='word_1_106' title='bbox 415 1182 512 1241; x_wconf 88' lang='lat' dir='ltr'>ejus</span> <span class='ocrx_word' id='word_1_107' title='bbox 545 1183 756 1240; x_wconf 90' lang='lat' dir='ltr'>speciem.</span> <span class='ocrx_word' id='word_1_108' title='bbox 805 1183 884 1226; x_wconf 81' lang='lat' dir='ltr'>Ait</span> <span class='ocrx_word' id='word_1_109' title='bbox 911 1199 1016 1241; x_wconf 89' lang='lat' dir='ltr'>ergo</span> <span class='ocrx_word' id='word_1_110' title='bbox 1065 1184 1283 1226; x_wconf 91' lang='lat' dir='ltr'>scelestus</span> <span class='ocrx_word' id='word_1_111' title='bbox 1319 1183 1375 1225; x_wconf 83' lang='lat' dir='ltr'>ad</span> <span class='ocrx_word' id='word_1_112' title='bbox 1416 1182 1672 1240; x_wconf 81' lang='lat' dir='ltr'>presulem:</span> 
     </span>
     <span class='ocr_line' id='line_1_17' title="bbox 175 1251 1676 1310; baseline 0 -18"><span class='ocrx_word' id='word_1_113' title='bbox 175 1269 196 1291; x_wconf 85' lang='lat'>«</span> <span class='ocrx_word' id='word_1_114' title='bbox 228 1251 415 1294; x_wconf 89' lang='lat' dir='ltr'>Hiccine</span> <span class='ocrx_word' id='word_1_115' title='bbox 447 1256 517 1294; x_wconf 90' lang='lat' dir='ltr'>est</span> <span class='ocrx_word' id='word_1_116' title='bbox 548 1252 759 1294; x_wconf 90' lang='lat' dir='ltr'>dominus</span> <span class='ocrx_word' id='word_1_117' title='bbox 794 1252 1079 1310; x_wconf 87' lang='lat' dir='ltr'>Ysengrinus</span> <span class='ocrx_word' id='word_1_118' title='bbox 1103 1252 1328 1309; x_wconf 89' lang='lat' dir='ltr'>repositus</span> <span class='ocrx_word' id='word_1_119' title='bbox 1369 1269 1408 1294; x_wconf 84' lang='lat'>».</span> <span class='ocrx_word' id='word_1_120' title='bbox 1450 1251 1676 1293; x_wconf 86' lang='lat' dir='ltr'>Revulsus</span> 
     </span>
     <span class='ocr_line' id='line_1_18' title="bbox 172 1319 1670 1378; baseline -0.001 -16"><span class='ocrx_word' id='word_1_121' title='bbox 172 1319 312 1377; x_wconf 89' lang='lat' dir='ltr'>igitur</span> <span class='ocrx_word' id='word_1_122' title='bbox 367 1319 576 1363; x_wconf 89' lang='lat' dir='ltr'>Christus</span> <span class='ocrx_word' id='word_1_123' title='bbox 622 1320 804 1363; x_wconf 92' lang='lat' dir='ltr'>Domini</span> <span class='ocrx_word' id='word_1_124' title='bbox 852 1320 907 1363; x_wconf 91' lang='lat' dir='ltr'>de</span> <span class='ocrx_word' id='word_1_125' title='bbox 947 1321 1134 1363; x_wconf 84' lang='lat' dir='ltr'>vasculo</span> <span class='ocrx_word' id='word_1_126' title='bbox 1179 1320 1357 1378; x_wconf 84' lang='lat' dir='ltr'>capillis</span> <span class='ocrx_word' id='word_1_127' title='bbox 1403 1319 1670 1373; x_wconf 83' lang='lat' dir='ltr'>detrahitur,</span> 
     </span>
     <span class='ocr_line' id='line_1_19' title="bbox 172 1387 1676 1447; baseline -0.001 -16"><span class='ocrx_word' id='word_1_128' title='bbox 172 1388 265 1431; x_wconf 88' lang='lat' dir='ltr'>ictu</span> <span class='ocrx_word' id='word_1_129' title='bbox 291 1388 534 1447; x_wconf 88' lang='lat' dir='ltr'>multiplici</span> <span class='ocrx_word' id='word_1_130' title='bbox 547 1389 848 1446; x_wconf 91' lang='lat' dir='ltr'>pertunditur,</span> <span class='ocrx_word' id='word_1_131' title='bbox 871 1394 915 1431; x_wconf 89' lang='lat' dir='ltr'>et</span> <span class='ocrx_word' id='word_1_132' title='bbox 940 1389 1024 1431; x_wconf 90' lang='lat' dir='ltr'>sub</span> <span class='ocrx_word' id='word_1_133' title='bbox 1051 1389 1156 1431; x_wconf 90' lang='lat' dir='ltr'>divo</span> <span class='ocrx_word' id='word_1_134' title='bbox 1183 1389 1229 1431; x_wconf 89' lang='lat' dir='ltr'>in</span> <span class='ocrx_word' id='word_1_135' title='bbox 1247 1388 1433 1431; x_wconf 85' lang='lat' dir='ltr'>claustri</span> <span class='ocrx_word' id='word_1_136' title='bbox 1457 1387 1676 1431; x_wconf 88' lang='lat' dir='ltr'>clericalis</span> 
     </span>
     <span class='ocr_line' id='line_1_20' title="bbox 173 1457 1671 1516; baseline 0 -16"><span class='ocrx_word' id='word_1_137' title='bbox 173 1457 411 1516; x_wconf 86' lang='lat' dir='ltr'>angiporto</span> <span class='ocrx_word' id='word_1_138' title='bbox 470 1462 574 1500; x_wconf 84' lang='lat' dir='ltr'>ante</span> <span class='ocrx_word' id='word_1_139' title='bbox 628 1457 813 1500; x_wconf 87' lang='lat' dir='ltr'>domum</span> <span class='ocrx_word' id='word_1_140' title='bbox 877 1457 1108 1500; x_wconf 87' lang='lat' dir='ltr'>Godefridi</span> <span class='ocrx_word' id='word_1_141' title='bbox 1165 1457 1388 1515; x_wconf 88' lang='lat' dir='ltr'>capellani</span> <span class='ocrx_word' id='word_1_142' title='bbox 1443 1457 1671 1500; x_wconf 89' lang='lat' dir='ltr'>statuitur.</span> 
     </span>
     <span class='ocr_line' id='line_1_21' title="bbox 173 1525 1675 1584; baseline -0.001 -16"><span class='ocrx_word' id='word_1_143' title='bbox 173 1525 379 1584; x_wconf 88' lang='lat' dir='ltr'>Cumque</span> <span class='ocrx_word' id='word_1_144' title='bbox 424 1526 488 1568; x_wconf 91' lang='lat' dir='ltr'>eis</span> <span class='ocrx_word' id='word_1_145' title='bbox 525 1526 842 1569; x_wconf 87' lang='lat' dir='ltr'>miserabiliter</span> <span class='ocrx_word' id='word_1_146' title='bbox 883 1526 1173 1584; x_wconf 84' lang='lat' dir='ltr'>supplicaret,</span> <span class='ocrx_word' id='word_1_147' title='bbox 1222 1525 1515 1584; x_wconf 87' lang='lat' dir='ltr'>jurejurando</span> <span class='ocrx_word' id='word_1_148' title='bbox 1564 1525 1675 1583; x_wconf 84' lang='lat' dir='ltr'>ipsis</span> 
     </span>
     <span class='ocr_line' id='line_1_22' title="bbox 172 1594 1675 1653; baseline -0.001 -16"><span class='ocrx_word' id='word_1_149' title='bbox 172 1599 374 1637; x_wconf 78' lang='lat' dir='ltr'>astruere</span> <span class='ocrx_word' id='word_1_150' title='bbox 404 1595 562 1637; x_wconf 92' lang='lat' dir='ltr'>volens</span> <span class='ocrx_word' id='word_1_151' title='bbox 599 1611 646 1637; x_wconf 91' lang='lat' dir='ltr'>se</span> <span class='ocrx_word' id='word_1_152' title='bbox 686 1610 919 1652; x_wconf 88' lang='lat' dir='ltr'>nunquam</span> <span class='ocrx_word' id='word_1_153' title='bbox 961 1595 1172 1652; x_wconf 88' lang='lat' dir='ltr'>deinceps</span> <span class='ocrx_word' id='word_1_154' title='bbox 1217 1610 1374 1637; x_wconf 91' lang='lat' dir='ltr'>eorum</span> <span class='ocrx_word' id='word_1_155' title='bbox 1412 1594 1675 1653; x_wconf 90' lang='lat' dir='ltr'>episcopum</span> 
     </span>
     <span class='ocr_line' id='line_1_23' title="bbox 172 1655 1703 1721; baseline -0.001 -16"><span class='ocrx_word' id='word_1_156' title='bbox 172 1662 390 1716; x_wconf 87' lang='lat' dir='ltr'>futurum,</span> <span class='ocrx_word' id='word_1_157' title='bbox 414 1663 613 1706; x_wconf 82' lang='lat' dir='ltr'>infinitas</span> <span class='ocrx_word' id='word_1_158' title='bbox 640 1664 705 1706; x_wconf 91' lang='lat' dir='ltr'>eis</span> <span class='ocrx_word' id='word_1_159' title='bbox 729 1663 941 1721; x_wconf 89' lang='lat' dir='ltr'>pecunias</span> <span class='ocrx_word' id='word_1_160' title='bbox 965 1663 1262 1721; x_wconf 85' lang='lat' dir='ltr'>prebiturum,</span> <span class='ocrx_word' id='word_1_161' title='bbox 1291 1660 1346 1705; x_wconf 85' lang='lat' dir='ltr'>de</span> <span class='ocrx_word' id='word_1_162' title='bbox 1360 1663 1503 1720; x_wconf 89' lang='lat' dir='ltr'>patria</span> <span class='ocrx_word' id='word_1_163' title='bbox 1532 1678 1675 1705; x_wconf 86' lang='lat' dir='ltr'>reces·</span> <span class='ocrx_word' id='word_1_164' title='bbox 1699 1655 1703 1658; x_wconf 34' lang='lat'><strong>⁴</strong></span> 
     </span>
     <span class='ocr_line' id='line_1_24' title="bbox 173 1732 1672 1790; baseline -0.001 -16"><span class='ocrx_word' id='word_1_165' title='bbox 173 1747 344 1787; x_wconf 90' lang='lat' dir='ltr'>surum,</span> <span class='ocrx_word' id='word_1_166' title='bbox 393 1748 641 1790; x_wconf 89' lang='lat' dir='ltr'>omnesque</span> <span class='ocrx_word' id='word_1_167' title='bbox 681 1737 861 1774; x_wconf 85' lang='lat' dir='ltr'>econtra</span> <span class='ocrx_word' id='word_1_168' title='bbox 895 1732 1145 1775; x_wconf 86' lang='lat' dir='ltr'>obfirmatis</span> <span class='ocrx_word' id='word_1_169' title='bbox 1186 1732 1350 1774; x_wconf 87' lang='lat' dir='ltr'>animis</span> <span class='ocrx_word' id='word_1_170' title='bbox 1383 1732 1672 1785; x_wconf 87' lang='lat' dir='ltr'>insultarent,</span> 
     </span>
     <span class='ocr_line' id='line_1_25' title="bbox 174 1799 1676 1859; baseline -0.001 -16"><span class='ocrx_word' id='word_1_171' title='bbox 174 1800 430 1844; x_wconf 87' lang='lat' dir='ltr'>Bernardus</span> <span class='ocrx_word' id='word_1_172' title='bbox 445 1801 627 1859; x_wconf 90' lang='lat' dir='ltr'>quidam</span> <span class='ocrx_word' id='word_1_173' title='bbox 649 1806 952 1859; x_wconf 90' lang='lat' dir='ltr'>cognomento</span> <span class='ocrx_word' id='word_1_174' title='bbox 979 1801 1033 1843; x_wconf 93' lang='lat' dir='ltr'>de</span> <span class='ocrx_word' id='word_1_175' title='bbox 1061 1801 1273 1854; x_wconf 83' lang='lat' dir='ltr'>Brueriis,</span> <span class='ocrx_word' id='word_1_176' title='bbox 1292 1800 1465 1843; x_wconf 82' lang='lat' dir='ltr'>elevata</span> <span class='ocrx_word' id='word_1_177' title='bbox 1492 1799 1676 1858; x_wconf 89' lang='lat' dir='ltr'>bipenni</span> 
     </span>
     <span class='ocr_line' id='line_1_26' title="bbox 173 1868 1675 1928; baseline -0.001 -16"><span class='ocrx_word' id='word_1_178' title='bbox 173 1885 352 1912; x_wconf 85' lang='lat' dir='ltr'>sacrum</span> <span class='ocrx_word' id='word_1_179' title='bbox 378 1870 577 1928; x_wconf 89' lang='lat' dir='ltr'>episcopi</span> <span class='ocrx_word' id='word_1_180' title='bbox 601 1870 814 1912; x_wconf 90' lang='lat' dir='ltr'>verticem</span> <span class='ocrx_word' id='word_1_181' title='bbox 842 1870 1120 1920; x_wconf 84' lang='lat' dir='ltr'>truculenter</span> <span class='ocrx_word' id='word_1_182' title='bbox 1145 1868 1427 1923; x_wconf 87' lang='lat' dir='ltr'>excerebrat;</span> <span class='ocrx_word' id='word_1_183' title='bbox 1467 1869 1545 1928; x_wconf 91' lang='lat' dir='ltr'>qui</span> <span class='ocrx_word' id='word_1_184' title='bbox 1573 1884 1675 1912; x_wconf 89' lang='lat' dir='ltr'>cum</span> 
     </span>
     <span class='ocr_line' id='line_1_27' title="bbox 173 1938 1675 1997; baseline -0.001 -17"><span class='ocrx_word' id='word_1_185' title='bbox 173 1953 251 1997; x_wconf 90' lang='lat' dir='ltr'>pre</span> <span class='ocrx_word' id='word_1_186' title='bbox 286 1939 424 1980; x_wconf 85' lang='lat' dir='ltr'>nimia</span> <span class='ocrx_word' id='word_1_187' title='bbox 471 1939 672 1981; x_wconf 88' lang='lat' dir='ltr'>vulneris</span> <span class='ocrx_word' id='word_1_188' title='bbox 722 1939 931 1997; x_wconf 86' lang='lat' dir='ltr'>angustia</span> <span class='ocrx_word' id='word_1_189' title='bbox 981 1938 1207 1982; x_wconf 86' lang='lat' dir='ltr'>laberetur</span> <span class='ocrx_word' id='word_1_190' title='bbox 1257 1938 1374 1981; x_wconf 89' lang='lat' dir='ltr'>inter</span> <span class='ocrx_word' id='word_1_191' title='bbox 1422 1938 1675 1981; x_wconf 90' lang='lat' dir='ltr'>tenentium</span> 
     </span>
     <span class='ocr_line' id='line_1_28' title="bbox 174 2006 1674 2066; baseline -0.001 -16"><span class='ocrx_word' id='word_1_192' title='bbox 174 2023 351 2061; x_wconf 89' lang='lat' dir='ltr'>manus,</span> <span class='ocrx_word' id='word_1_193' title='bbox 377 2012 618 2066; x_wconf 85' lang='lat' dir='ltr'>antequam</span> <span class='ocrx_word' id='word_1_194' title='bbox 636 2007 876 2062; x_wconf 85' lang='lat' dir='ltr'>decideret,</span> <span class='ocrx_word' id='word_1_195' title='bbox 899 2007 954 2049; x_wconf 85' lang='lat' dir='ltr'>ab</span> <span class='ocrx_word' id='word_1_196' title='bbox 981 2007 1069 2050; x_wconf 86' lang='lat' dir='ltr'>alio</span> <span class='ocrx_word' id='word_1_197' title='bbox 1084 2007 1277 2065; x_wconf 88' lang='lat' dir='ltr'>quodam</span> <span class='ocrx_word' id='word_1_198' title='bbox 1308 2007 1391 2049; x_wconf 90' lang='lat' dir='ltr'>sub</span> <span class='ocrx_word' id='word_1_199' title='bbox 1417 2006 1674 2050; x_wconf 90' lang='lat' dir='ltr'>ocularibus</span> 
     </span>
     <span class='ocr_line' id='line_1_29' title="bbox 171 2075 1676 2134; baseline -0.001 -15"><span class='ocrx_word' id='word_1_200' title='bbox 171 2091 252 2134; x_wconf 89' lang='lat' dir='ltr'>per</span> <span class='ocrx_word' id='word_1_201' title='bbox 296 2076 495 2119; x_wconf 90' lang='lat' dir='ltr'>medium</span> <span class='ocrx_word' id='word_1_202' title='bbox 534 2076 634 2119; x_wconf 84' lang='lat' dir='ltr'>nasi</span> <span class='ocrx_word' id='word_1_203' title='bbox 673 2092 728 2118; x_wconf 81' lang='lat' dir='ltr'>ex</span> <span class='ocrx_word' id='word_1_204' title='bbox 766 2080 1021 2118; x_wconf 86' lang='lat' dir='ltr'>transversa</span> <span class='ocrx_word' id='word_1_205' title='bbox 1072 2091 1313 2134; x_wconf 89' lang='lat' dir='ltr'>percussus</span> <span class='ocrx_word' id='word_1_206' title='bbox 1342 2075 1566 2118; x_wconf 90' lang='lat' dir='ltr'>occubuit.</span> <span class='ocrx_word' id='word_1_207' title='bbox 1609 2075 1676 2117; x_wconf 91' lang='lat' dir='ltr'>Ibi</span> 
     </span>
     <span class='ocr_line' id='line_1_30' title="bbox 171 2144 1672 2203; baseline -0.001 -15"><span class='ocrx_word' id='word_1_208' title='bbox 171 2145 445 2203; x_wconf 84' lang='lat' dir='ltr'>pessundata</span> <span class='ocrx_word' id='word_1_209' title='bbox 476 2150 521 2187; x_wconf 91' lang='lat' dir='ltr'>et</span> <span class='ocrx_word' id='word_1_210' title='bbox 553 2144 687 2187; x_wconf 87' lang='lat' dir='ltr'>tibias</span> <span class='ocrx_word' id='word_1_211' title='bbox 713 2145 1020 2198; x_wconf 91' lang='lat' dir='ltr'>conciderunt,</span> <span class='ocrx_word' id='word_1_212' title='bbox 1050 2150 1093 2187; x_wconf 87' lang='lat' dir='ltr'>et</span> <span class='ocrx_word' id='word_1_213' title='bbox 1119 2145 1308 2187; x_wconf 87' lang='lat' dir='ltr'>vulnera</span> <span class='ocrx_word' id='word_1_214' title='bbox 1333 2145 1528 2202; x_wconf 89' lang='lat' dir='ltr'>plurima</span> <span class='ocrx_word' id='word_1_215' title='bbox 1552 2144 1672 2187; x_wconf 91' lang='lat' dir='ltr'>indi—</span> 
     </span>
     <span class='ocr_line' id='line_1_31' title="bbox 172 2214 1673 2271; baseline -0.001 -15"><span class='ocrx_word' id='word_1_216' title='bbox 172 2214 350 2257; x_wconf 90' lang='lat' dir='ltr'>derunt.</span> <span class='ocrx_word' id='word_1_217' title='bbox 381 2215 445 2256; x_wconf 91' lang='lat' dir='ltr'>At</span> <span class='ocrx_word' id='word_1_218' title='bbox 470 2214 799 2271; x_wconf 85' lang='lat' dir='ltr'>Teudegaudus</span> <span class='ocrx_word' id='word_1_219' title='bbox 820 2214 980 2256; x_wconf 88' lang='lat' dir='ltr'>videns</span> <span class='ocrx_word' id='word_1_220' title='bbox 998 2214 1043 2255; x_wconf 90' lang='lat' dir='ltr'>in</span> <span class='ocrx_word' id='word_1_221' title='bbox 1065 2214 1162 2271; x_wconf 85' lang='lat' dir='ltr'>ejus</span> <span class='ocrx_word' id='word_1_222' title='bbox 1183 2214 1325 2271; x_wconf 91' lang='lat' dir='ltr'>digito</span> <span class='ocrx_word' id='word_1_223' title='bbox 1348 2214 1550 2269; x_wconf 85' lang='lat' dir='ltr'>anulum,</span> <span class='ocrx_word' id='word_1_224' title='bbox 1570 2229 1673 2255; x_wconf 89' lang='lat' dir='ltr'>cum</span> 
     </span>
     <span class='ocr_line' id='line_1_32' title="bbox 171 2282 1674 2342; baseline -0.001 -17"><span class='ocrx_word' id='word_1_225' title='bbox 171 2282 302 2326; x_wconf 85' lang='lat' dir='ltr'>facile</span> <span class='ocrx_word' id='word_1_226' title='bbox 341 2298 429 2325; x_wconf 92' lang='lat' dir='ltr'>non</span> <span class='ocrx_word' id='word_1_227' title='bbox 464 2289 618 2341; x_wconf 88' lang='lat' dir='ltr'>posset</span> <span class='ocrx_word' id='word_1_228' title='bbox 647 2288 914 2342; x_wconf 85' lang='lat' dir='ltr'>extorquere</span> <span class='ocrx_word' id='word_1_229' title='bbox 939 2282 994 2324; x_wconf 87' lang='lat' dir='ltr'>ab</span> <span class='ocrx_word' id='word_1_230' title='bbox 1027 2298 1079 2325; x_wconf 91' lang='lat' dir='ltr'>eo</span> <span class='ocrx_word' id='word_1_231' title='bbox 1115 2283 1307 2340; x_wconf 89' lang='lat' dir='ltr'>digitum</span> <span class='ocrx_word' id='word_1_232' title='bbox 1343 2287 1537 2335; x_wconf 81' lang='lat' dir='ltr'>mortuo,</span> <span class='ocrx_word' id='word_1_233' title='bbox 1569 2297 1674 2324; x_wconf 90' lang='lat' dir='ltr'>ense</span> 
     </span>
     <span class='ocr_line' id='line_1_33' title="bbox 171 2350 1672 2410; baseline -0.001 -16"><span class='ocrx_word' id='word_1_234' title='bbox 171 2351 377 2410; x_wconf 84' lang='lat' dir='ltr'>precidit,</span> <span class='ocrx_word' id='word_1_235' title='bbox 409 2351 683 2410; x_wconf 89' lang='lat' dir='ltr'>anulumque</span> <span class='ocrx_word' id='word_1_236' title='bbox 701 2351 932 2409; x_wconf 92' lang='lat' dir='ltr'>corripuit.</span> <span class='ocrx_word' id='word_1_237' title='bbox 959 2352 1115 2410; x_wconf 87' lang='lat' dir='ltr'>Itaque</span> <span class='ocrx_word' id='word_1_238' title='bbox 1142 2351 1396 2409; x_wconf 87' lang='lat' dir='ltr'>expoliatus</span> <span class='ocrx_word' id='word_1_239' title='bbox 1417 2352 1480 2393; x_wconf 86' lang='lat' dir='ltr'>ad·</span> <span class='ocrx_word' id='word_1_240' title='bbox 1503 2350 1672 2392; x_wconf 93' lang='lat' dir='ltr'>nudum</span> 
     </span>
     <span class='ocr_line' id='line_1_34' title="bbox 171 2420 1670 2479; baseline -0.001 -16"><span class='ocrx_word' id='word_1_241' title='bbox 171 2420 216 2463; x_wconf 89' lang='lat' dir='ltr'>in</span> <span class='ocrx_word' id='word_1_242' title='bbox 237 2421 457 2478; x_wconf 90' lang='lat' dir='ltr'>angulum</span> <span class='ocrx_word' id='word_1_243' title='bbox 477 2426 580 2463; x_wconf 88' lang='lat' dir='ltr'>ante</span> <span class='ocrx_word' id='word_1_244' title='bbox 601 2421 823 2479; x_wconf 83' lang='lat' dir='ltr'>capellani</span> <span class='ocrx_word' id='word_1_245' title='bbox 845 2421 915 2463; x_wconf 90' lang='lat' dir='ltr'>sui</span> <span class='ocrx_word' id='word_1_246' title='bbox 929 2421 1114 2463; x_wconf 92' lang='lat' dir='ltr'>domum</span> <span class='ocrx_word' id='word_1_247' title='bbox 1130 2421 1359 2478; x_wconf 58' lang='lat' dir='ltr'>proicituri</span> <span class='ocrx_word' id='word_1_248' title='bbox 1389 2421 1511 2463; x_wconf 91' lang='lat' dir='ltr'>Deus</span> <span class='ocrx_word' id='word_1_249' title='bbox 1527 2435 1670 2473; x_wconf 86' lang='lat' dir='ltr'>meus,</span> 
     </span>
     <span class='ocr_line' id='line_1_35' title="bbox 172 2487 1672 2548; baseline -0.001 -16"><span class='ocrx_word' id='word_1_250' title='bbox 172 2490 276 2548; x_wconf 91' lang='lat' dir='ltr'>quis</span> <span class='ocrx_word' id='word_1_251' title='bbox 299 2495 488 2543; x_wconf 83' lang='lat' dir='ltr'>retexat,</span> <span class='ocrx_word' id='word_1_252' title='bbox 516 2494 626 2548; x_wconf 91' lang='lat' dir='ltr'>quot</span> <span class='ocrx_word' id='word_1_253' title='bbox 652 2490 698 2532; x_wconf 90' lang='lat' dir='ltr'>in</span> <span class='ocrx_word' id='word_1_254' title='bbox 725 2490 950 2547; x_wconf 83' lang='lat' dir='ltr'>jacentem</span> <span class='ocrx_word' id='word_1_255' title='bbox 981 2505 1004 2532; x_wconf 91' lang='lat' dir='ltr'>a</span> <span class='ocrx_word' id='word_1_256' title='bbox 1038 2489 1378 2532; x_wconf 84' lang='lat' dir='ltr'>transeuntibus</span> <span class='ocrx_word' id='word_1_257' title='bbox 1414 2494 1520 2531; x_wconf 91' lang='lat' dir='ltr'>sunt</span> <span class='ocrx_word' id='word_1_258' title='bbox 1553 2487 1672 2530; x_wconf 90' lang='lat' dir='ltr'>ludi-</span> 
     </span>
     <span class='ocr_line' id='line_1_36' title="bbox 173 2557 1668 2618; baseline -0.002 -17"><span class='ocrx_word' id='word_1_259' title='bbox 173 2558 267 2602; x_wconf 87' lang='lat' dir='ltr'>bria</span> <span class='ocrx_word' id='word_1_260' title='bbox 291 2559 410 2618; x_wconf 88' lang='lat' dir='ltr'>jacta</span> <span class='ocrx_word' id='word_1_261' title='bbox 448 2558 703 2612; x_wconf 90' lang='lat' dir='ltr'>verborum,</span> <span class='ocrx_word' id='word_1_262' title='bbox 734 2564 844 2618; x_wconf 91' lang='lat' dir='ltr'>quot</span> <span class='ocrx_word' id='word_1_263' title='bbox 877 2559 1111 2617; x_wconf 88' lang='lat' dir='ltr'>glebarum</span> <span class='ocrx_word' id='word_1_264' title='bbox 1139 2558 1353 2616; x_wconf 86' lang='lat' dir='ltr'>jactibuS,</span> <span class='ocrx_word' id='word_1_265' title='bbox 1390 2563 1501 2615; x_wconf 89' lang='lat' dir='ltr'>quot</span> <span class='ocrx_word' id='word_1_266' title='bbox 1534 2557 1668 2608; x_wconf 88' lang='lat' dir='ltr'>saxis,</span> 
     </span>
     <span class='ocr_line' id='line_1_37' title="bbox 173 2627 1674 2687; baseline -0.002 -17"><span class='ocrx_word' id='word_1_267' title='bbox 173 2633 282 2687; x_wconf 89' lang='lat' dir='ltr'>quot</span> <span class='ocrx_word' id='word_1_268' title='bbox 304 2627 567 2686; x_wconf 89' lang='lat' dir='ltr'>pulveribus</span> <span class='ocrx_word' id='word_1_269' title='bbox 583 2633 652 2670; x_wconf 89' lang='lat' dir='ltr'>est</span> <span class='ocrx_word' id='word_1_270' title='bbox 666 2643 829 2685; x_wconf 90' lang='lat' dir='ltr'>corpus</span> <span class='ocrx_word' id='word_1_271' title='bbox 841 2628 938 2686; x_wconf 91' lang='lat' dir='ltr'>ejus</span> <span class='ocrx_word' id='word_1_272' title='bbox 951 2643 1216 2686; x_wconf 87' lang='lat' dir='ltr'>oppressum</span> <span class='ocrx_word' id='word_1_273' title='bbox 1233 2628 1311 2669; x_wconf 77' lang='lat'>1—</span> <span class='ocrx_word' id='word_1_274' title='bbox 1325 2627 1375 2684; x_wconf 81' lang='lat' dir='ltr'>[c.</span> <span class='ocrx_word' id='word_1_275' title='bbox 1393 2627 1479 2684; x_wconf 71' lang='lat' dir='ltr'>IX]</span> <span class='ocrx_word' id='word_1_276' title='bbox 1498 2627 1674 2668; x_wconf 83' lang='lat' dir='ltr'>Interea</span> 
     </span>
     <span class='ocr_line' id='line_1_38' title="bbox 172 2694 1672 2755; baseline -0.002 -16"><span class='ocrx_word' id='word_1_277' title='bbox 172 2713 278 2755; x_wconf 89' lang='lat' dir='ltr'>pars</span> <span class='ocrx_word' id='word_1_278' title='bbox 310 2696 500 2739; x_wconf 83' lang='lat' dir='ltr'>furentis</span> <span class='ocrx_word' id='word_1_279' title='bbox 534 2696 660 2754; x_wconf 89' lang='lat' dir='ltr'>vulgi</span> <span class='ocrx_word' id='word_1_280' title='bbox 689 2697 848 2739; x_wconf 92' lang='lat' dir='ltr'>domos</span> <span class='ocrx_word' id='word_1_281' title='bbox 873 2697 1237 2739; x_wconf 87' lang='lat' dir='ltr'>ministerialium</span> <span class='ocrx_word' id='word_1_282' title='bbox 1267 2695 1467 2753; x_wconf 87' lang='lat' dir='ltr'>episcopi</span> <span class='ocrx_word' id='word_1_283' title='bbox 1495 2694 1672 2737; x_wconf 90' lang='lat' dir='ltr'>obsedit</span> 
     </span>
    </p>
   </div>
   <div class='ocr_carea' id='block_1_4' title="bbox 215 2808 507 2850">
    <p class='ocr_par' dir='ltr' id='par_1_4' title="bbox 215 2808 507 2850">
     <span class='ocr_line' id='line_1_39' title="bbox 215 2808 507 2850; baseline -0.003 -8"><span class='ocrx_word' id='word_1_284' title='bbox 215 2821 246 2842; x_wconf 70' lang='lat' dir='ltr'>a.</span> <span class='ocrx_word' id='word_1_285' title='bbox 272 2820 318 2841; x_wconf 92' lang='lat' dir='ltr'>ou</span> <span class='ocrx_word' id='word_1_286' title='bbox 336 2808 507 2850; x_wconf 81' lang='lat' dir='ltr'>furcifer.</span> 
     </span>
    </p>
   </div>
  </div>
 </body>
</html>
