1930 3224
592 302 692 332 vssN.
729 301 924 331 cuinam(
958 301 1065 330 vnum
1095 299 1215 328 Lmen
1249 301 1261 327 1
1622 285 1677 328 97

158 391 670 455 'duetus·1aboraverat;
701 400 778 459 qui
801 400 1095 458 postmodum
1125 398 1247 457 apud
1276 402 1475 441 castrum
1513 397 1679 440 Britoi-

77 470 135 514 1²²:
174 469 272 513 lum
291 469 299 499 ¹
327 485 432 513 cum
453 469 596 513 altero
618 469 822 512 malefico
842 468 1046 511 fabulam
1060 467 1231 511 habens
1254 467 1434 520 clerico,
1457 467 1548 509 tale
1572 465 1681 524 quid

164 537 386 582 inaudivit:
424 555 444 579 «
489 538 540 582 Si
573 537 769 596 quaestui
801 537 913 579 mihi
948 541 1084 590 esset,
1124 535 1342 595 quiddam
1379 534 1678 587 tedocerem,

85 600 126 642 '3³
167 606 298 666 quod
333 621 438 649 cum
473 605 662 660 faceres,
693 605 975 664 quotidiana,
1021 605 1117 647 sine
1155 605 1249 647 ulla
1289 603 1682 646 administratione

165 674 390 726 hominis,
423 675 718 734 pecuniarum
743 674 859 716 dona
893 673 1148 732 perciperes
1182 691 1220 716 ».
1252 671 1423 724 Quaerit
1459 672 1535 714 ille
1574 671 1683 729 quid

176 742 296 786 facto
317 759 432 801 opus
451 748 585 787 esset.
618 742 759 786 Infert
776 743 1024 797 maleficus,
1045 741 1150 801 quia
1174 741 1264 784 civi
1282 741 1579 793 infernorum,
1601 740 1685 782 sci-

174 810 295 856 licet.
314 811 512 865 diabolo,
545 811 771 854 litandum
794 810 881 854 sibi
913 810 1044 854 foret.
1077 828 1097 851 «
1126 809 1241 863 Qua,
1268 809 1434 868 inquit,
1464 808 1684 851 victima?

172 905 235 912 —
259 880 410 934 Gallo,
445 880 609 939 inquit,
648 880 709 923 ita
739 885 790 923 ut
820 893 975 932 ovum,
1011 879 1066 921 de
1102 894 1191 936 quo
1218 883 1455 921 concretus
1487 882 1572 930 est,
1613 876 1685 919 die

174 947 303 997 Jovis
329 948 375 991 in
407 963 562 992 mense
591 948 756 992 Martio
781 964 804 991 a
839 947 1009 1005 gallina
1044 951 1221 990 constet
1250 947 1522 1005 expositum.
1554 945 1686 988 Hunc

168 1031 282 1074 ergo
320 1021 561 1076 postquam
604 1017 838 1068 torrueris,
880 1016 928 1058 in
960 1015 1058 1073 ipso
1086 1015 1233 1058 noctis
1270 1015 1491 1074 principio
1536 1019 1687 1057 tecum

176 1101 378 1140 sumens,
404 1085 472 1128 uti
491 1090 641 1129 tostus
663 1090 749 1139 est,
775 1101 887 1128 veru
912 1085 1060 1127 adhuc
1081 1085 1122 1127 ei
1148 1084 1318 1137 intuso,
1344 1084 1400 1126 ad
1430 1083 1687 1142 proximum

175 1149 401 1197 vixiarium
430 1149 615 1197 ¹mecum
640 1154 744 1198 ibis.
769 1153 1028 1212 Quidquida
1045 1158 1199 1196 autem
1215 1152 1279 1195 ibi
1308 1152 1481 1206 videas,
1511 1151 1686 1204 audias,

177 1222 365 1276 sentias,
391 1239 484 1265 non
508 1223 673 1276 Deum,
690 1238 782 1265 non
795 1222 977 1265 beatam
999 1222 1207 1275 Mariam,
1244 1237 1335 1263 non
1362 1220 1483 1263 ullos
1508 1225 1689 1263 sanctos

178 1291 388 1334 invocare
425 1307 687 1350 praesumas.
719 1318 780 1324 —
806 1291 929 1334 Faxo
963 1309 1004 1344 »,
1042 1290 1206 1350 inquit.
1247 1289 1458 1333 Mirabile
1486 1289 1687 1332 factum!

179 1359 254 1403 Ad
287 1359 439 1403 locum
471 1376 578 1418 ergo
611 1364 750 1411 noctu
782 1359 990 1412 veniunt,
1038 1364 1082 1402 et
1117 1359 1314 1401 hostiam
1347 1358 1429 1401 tali
1471 1359 1556 1401 deo
1585 1373 1691 1400 con—

180 1443 341 1486 gruam
376 1444 531 1472 secum
563 1428 730 1472 ferunt.
774 1427 980 1487 Cumque
1017 1428 1093 1470 ille
1128 1443 1182 1470 ex
1219 1428 1402 1470 nomine
1435 1427 1693 1469 invocasset

179 1497 473 1551 daemonium,
496 1502 541 1541 et
561 1513 731 1556 pravus
754 1497 830 1540 ille
857 1497 1108 1555 discipulus
1131 1501 1306 1539 teneret
1332 1495 1523 1554 gallum,
1553 1495 1693 1538 susci-

178 1570 274 1609 tato
301 1565 480 1609 turbine
501 1566 680 1609 daemon
703 1565 868 1619 astitit,
889 1565 1063 1623 gallum
1079 1565 1166 1608 sibi
1189 1564 1403 1622 corripuit
1421 1578 1430 1611 :
1452 1564 1695 1607 exterritus

179 1633 256 1678 ille
298 1635 377 1694 qui
423 1634 720 1688 ducebatur&
761 1639 965 1677 sanctam
1001 1634 1195 1677 Mariam
1237 1633 1516 1676 inclamavit.
1554 1632 1696 1690 Cujus

179 1703 381 1761 potentis
407 1703 614 1746 Dominae
639 1703 794 1746 audito
819 1703 896 1746 ille
915 1703 1098 1745 nomine
1126 1718 1232 1745 cum
1250 1703 1373 1760 gallo
1398 1718 1479 1745 suo
1500 1701 1693 1759 aufugit,

179 1771 243 1815 ita
275 1776 326 1815 ut
358 1773 553 1815 eundem
583 1773 740 1815 efferre
773 1787 866 1814 non
894 1771 1137 1824 sufficeret,
1181 1772 1261 1814 sed
1283 1787 1388 1814 eum
1419 1771 1464 1813 in
1499 1770 1695 1828 quadam

180 1840 341 1883 vivarii
370 1841 522 1884 insula
541 1841 767 1900 quispiam
797 1840 854 1883 de
881 1840 1186 1899 piscatoribus
1215 1839 1433 1899 postridie
1460 1839 1691 1898 reperiret.

181 1907 218 1952 O
266 1909 440 1968 regium
479 1914 524 1953 et
573 1910 705 1953 dulce
743 1909 836 1953 tuis
882 1924 1067 1962 nomen,
1113 1909 1327 1967 malignis
1378 1908 1584 1966 partibus
1632 1907 1696 1950 sic

179 1977 467 2036 pavendum!
522 1978 671 2022 Iratus
721 1982 789 2021 est
831 1982 986 2021 autem
1029 1977 1262 2020 maleficus
1304 1978 1523 2020 adversus
1567 1977 1698 2019 cleri-

180 2062 299 2098 cum,
327 2062 407 2090 cur
428 2051 605 2090 tantam
632 2047 717 2090 sub
748 2046 828 2090 tali
847 2047 1031 2105 negotio
1067 2046 1300 2089 foeminam
1327 2047 1599 2089 invocasset.
1633 2046 1698 2088 At

182 2115 258 2158 ille
286 2115 556 2174 poenitentia
588 2121 717 2159 actus
743 2116 800 2159 ad
830 2115 1087 2158 Lisiardum
1122 2115 1448 2158 Belvacensem
1475 2114 1697 2157 archidia-

183 2199 348 2227 conum
368 2185 403 2239 2',
431 2184 709 2228 avunculum
733 2200 902 2236 meum,
930 2185 1078 2227 virum
1098 2184 1398 2242 undecunque
1412 2192 1428 2211 ⁶
1448 2184 1694 2236 literatum,

181 2252 470 2311 prudentem,
491 2258 537 2297 et
555 2253 613 2297 ad
636 2253 744 2296 talia
771 2254 988 2296 curialem
1009 2269 1060 2295 ac
1084 2253 1329 2306 famosum,
1355 2253 1566 2306 accessit,
1593 2268 1698 2294 con-

227 2399 258 2422 a.
277 2388 458 2432 quicquid
476 2390 521 2422 D.
536 2389 620 2422 -ὸ,
643 2389 744 2422 Corr.
762 2390 806 2421 de
821 2389 911 2432 B(et
925 2389 980 2431 D).
998 2388 1190 2421 dicebatur
1215 2389 1256 2421 X.
1277 2408 1312 2413 —
1329 2400 1359 2422 c.
1379 2389 1632 2431 undecumque
1653 2389 1698 2422 D.

227 2590 258 2619 1.
282 2587 455 2629 Breteuil,
473 2587 555 2630 dep.
571 2589 616 2620 de
630 2587 753 2627 l'Oise,
772 2598 841 2619 arr.
858 2588 902 2619 de
920 2587 1118 2627 mei-mont,
1137 2588 1236 2620 ch.-l.
1257 2589 1300 2620 de
1316 2590 1460 2620 canton.

227 2632 258 2660 2.
285 2629 315 2661 11
332 2639 377 2662 ne
401 2628 538 2662 semble
556 2640 620 2671 pas
644 2639 714 2671 que
743 2640 782 2661 ce
807 2630 878 2661 soit
899 2630 931 2661 le
955 2630 1071 2662 meme
1089 2640 1313 2671 personnagc
1338 2631 1412 2672 qui,
1432 2631 1476 2661 de
1500 2630 1632 2671 prex-ct
1656 2630 1701 2661 dc

187 2670 368 2711 Soissons,
391 2671 518 2703 devint
535 2671 674 2713 eveque
690 2672 733 2703 dc
752 2681 792 2703 ce
810 2671 968 2706 diocese,
989 2673 1024 2702 et
1038 2682 1106 2713 que
1125 2682 1217 2703 nous
1236 2673 1494 2704 retrouverons
1514 2672 1594 2713 plus
1612 2672 1699 2703 loin.

189 2712 332 2745 Lisiard
358 2713 403 2745 de
425 2713 595 2746 Soissons
621 2713 712 2745 etait
729 2713 910 2744 d’ailleurs
931 2713 1124 2753 originaire
1149 2714 1193 2745 de
1219 2714 1352 2755 Crcpy,
1372 2716 1408 2745 ct
1432 2713 1484 2744 s'il
1502 2715 1563 2746 cut
1584 2713 1641 2745 etc
1669 2714 1701 2745 le

213 2757 319 2787 arent
336 2755 380 2786 dc
396 2755 564 2793 Guibert,
581 2755 727 2787 celui-ci
753 2755 870 2786 aurait
891 2754 1019 2786 insiste
1044 2765 1106 2786 sur
1125 2758 1222 2787 cette
1240 2755 1502 2796 particularitc,
1527 2756 1546 2786 a
1563 2757 1700 2796 chaque

205 2796 259 2827 ois
274 2795 360 2837 qu'il
382 2807 425 2828 en
449 2797 567 2829 aurait
584 2796 699 2838 pariet.
725 2797 757 2828 A
783 2797 921 2828 Lisiard
940 2797 984 2828 de
1010 2797 1186 2828 Beauvais
1214 2798 1268 2828 est
1293 2796 1511 2828 adrossc=01a
1535 2797 1643 2829 lettre
1661 2801 1700 2827 92

187 2837 321 2870 d'Yves
332 2838 377 2870 dc
398 2838 569 2871 Chartres
587 2839 692 2879 (dans
712 2838 846 2879 Migne,
864 2838 903 2870 P.
920 2839 971 2877 L„
992 2841 1017 2871 t.
1040 2842 1109 2878 162,
1128 2839 1196 2870 col.
1221 2841 1302 2880 113).

310 2915 382 2943 Veri.
406 2915 555 2944 Guiberti
575 2915 651 2944 vita.
