1930 3224
291 247 346 291 42
698 261 798 291 VEN.
834 261 1028 291 GUIBERTI
1059 263 1167 292 VITAE
1199 263 1317 292 LIBER
1350 263 1362 292 1

285 364 471 402 externo
508 360 722 403 virtutem
759 375 1041 418 summopere
1087 366 1164 404 aut
1210 361 1490 418 sapientiam.
1543 361 1616 415 Et,
1659 361 1776 408 bone

287 428 494 480 Domine,
532 427 647 470 bone
687 429 824 482 Deus,
871 427 908 469 si
957 432 1066 471 tuno
1109 429 1336 487 prae-sciret
1374 434 1541 487 quanto
1578 429 1776 472 sordium

284 495 464 538 cumulo
501 496 820 538 obliteraturus
860 511 981 538 eram
1025 496 1165 539 bonas
1196 497 1298 539 illas
1342 497 1560 539 donorum
1596 502 1777 540 tuorum

284 564 559 620 superficies,
581 563 745 621 quibus
771 579 857 616 me,
884 564 966 620 illa·
988 564 1271 622 impetrante,
1295 564 1664 624 ornaveras,quid
1685 565 1776 608 dic-

284 636 383 675 tura
405 634 425 674 ‘?
446 632 554 690 quid
578 637 729 675 actura
751 633 770 675 ἶ)
788 647 923 689 quam
943 632 1293 675 irremediabiles
1312 633 1506 689 gemitus
1527 633 1743 676 emissura
1762 633 1771 677 ἔ

284 715 419 757 quam
455 700 619 742 mentis
648 700 990 742 dilacerationes
1018 700 1249 743 incursura
1282 703 1425 744 esset!
1462 701 1641 743 Gratias
1677 700 1772 756 tibi,

284 768 428 810 dulcis
455 772 499 810 et
528 768 756 810 moderate
784 768 1054 826 Dispositor,
1093 769 1170 826 qui
1193 769 1359 812 finxisti
1382 769 1618 827 sigillatim
1642 768 1776 812 corda

283 841 436 878 nostra
455 836 482 878 ¹.
522 837 661 878 Plane
689 837 727 878 si
750 837 998 894 penetralia
1024 837 1163 879 animi
1198 837 1285 879 mei
1318 837 1498 879 mundis
1529 837 1640 880 adeo
1659 836 1774 879 indi-

283 919 370 961 gna
391 905 707 962 conspectibus
727 905 1052 947 mundissimus
1077 905 1174 963 ejus
1200 905 1356 948 oculus
1370 905 1618 963 irrupisset,
1639 905 1776 948 miror

283 972 323 1014 si
347 972 477 1014 ilico‘a
503 972 724 1015 exanimis
751 988 840 1015 non
862 973 1036 1017 fuisset.

831 1202 843 1259 [
863 1202 1060 1246 CAPUT
1092 1202 1197 1244 XIII
1215 1202 1228 1260 ]

343 1354 426 1395 His
452 1369 530 1410 per
553 1354 891 1410 occupationem
912 1353 1044 1396 dictis
1059 1354 1114 1395 ad
1138 1353 1285 1411 aliqua
1305 1358 1421 1395 retro
1439 1353 1602 1395 omissa
1622 1353 1774 1396 redea-

286 1437 401 1464 mus,
430 1421 559 1475 Huic,
584 1421 782 1478 inquam,
802 1421 1026 1475 feminaeh,
1051 1421 1167 1464 inter
1181 1421 1343 1464 saeculo
1364 1421 1666 1476 serviendum,
1690 1421 1774 1463 Dei

285 1489 480 1530 nominis
498 1489 795 1549 reverentiam
819 1504 996 1546 semper
1015 1490 1196 1531 affuisse
1222 1489 1476 1543 didicimus,
1506 1489 1553 1531 in
1575 1493 1769 1542 tantum,

287 1562 335 1599 ut
383 1557 429 1598 in
474 1557 688 1614 obsequio
737 1557 1041 1611 ecclesiarum,
1083 1558 1129 1599 in
1167 1557 1383 1600 beneficio
1420 1572 1685 1614 pauperum,
1726 1557 1773 1599 in

282 1625 510 1667 oblatione
531 1625 850 1667 sacrificiorum
875 1626 937 1667 sic
956 1641 1001 1668 se
1022 1631 1189 1684 ageret,
1211 1630 1261 1668 ut
1275 1625 1543 1668 venerabilis
1565 1625 1774 1668 omnibus

281 1694 433 1735 esset?
466 1693 554 1735 Sed
594 1694 685 1735 scio
721 1694 824 1751 quia
867 1694 1032 1751 pariter
1072 1694 1182 1735 mihi
1219 1693 1378 1736 exinde
1420 1693 1611 1751 plurima
1645 1693 1795 1735 adhi:

280 1761 436 1802 bendae
461 1761 564 1803 fidei
588 1761 843 1815 difficultas,
875 1777 1008 1819 quam
1031 1762 1303 1819 praecludere
1323 1761 1562 1814 videbitur,
1593 1776 1774 1819 suspec-

279 1833 352 1883 tae,
378 1834 429 1871 ut
445 1833 645 1887 putatur,
676 1829 822 1872 laudis
843 1830 1053 1872 affinitas.
1082 1830 1128 1873 Si
1165 1835 1353 1872 matrem
1389 1828 1609 1882 attollere,
1645 1833 1772 1871 caute

279 1912 328 1939 ac
355 1897 574 1940 fallaciter
601 1898 799 1955 seipsum
827 1898 1042 1940 extulisse
1070 1898 1264 1951 videtur,
1303 1903 1363 1951 te,
1389 1897 1525 1951 Deus,
1565 1897 1642 1956 qui
1674 1897 1772 1954 ejus

279 1965 476 2007 animam
495 1970 545 2007 ut
571 1965 844 2008 inhabitator
868 1966 1001 2019 nosti,
1034 1971 1198 2008 testem
1230 1965 1498 2023 compellare
1530 1978 1768 2022 praesumO,

279 2033 549 2075 omnimodis
570 2033 804 2087 excellere,
830 2035 950 2092 quod
973 2039 1042 2076 est
1060 2034 1186 2087 illud,
1224 2034 1344 2091 quod
1370 2033 1547 2076 dicitur.
1570 2033 1627 2076 Et
1653 2026 1771 2075 certe

279 2117 382 2143 cum
412 2101 510 2143 luce
543 2101 705 2159 clarius
737 2107 888 2160 pateat
914 2102 1053 2144 vitam
1096 2118 1241 2144 meam
1267 2117 1291 2144 a
1318 2102 1539 2143 bonorum
1568 2101 1771 2143 omnium

279 2169 532 2211 exorbitare
553 2170 774 2227 vestigiiS,
806 2175 849 2212 et
870 2171 1017 2212 studia
1048 2185 1224 2227 semper
1250 2185 1348 2211 mea
1382 2169 1575 2212 sensatis
1592 2169 1608 2197 '2
1628 2168 1770 2210 omni-

277 2236 361 2279 bus
388 2237 551 2295 probro
580 2253 692 2292 esse,
732 2238 841 2296 quid
873 2239 984 2280 mihi
1011 2238 1209 2296 proderit
1241 2238 1430 2280 materni
1449 2245 1464 2264 ⁰
1490 2242 1567 2279 aut
1593 2235 1770 2294 paterni

278 2320 356 2347 seu
382 2305 492 2347 aviti
532 2306 726 2347 nominis
752 2307 1031 2364 magnitudo,
1070 2306 1147 2348 ubi
1172 2306 1225 2348 de
1252 2305 1377 2363 prole
1404 2305 1653 2347 miserrima
1674 2309 1768 2347 tota

277 2373 607 2416 coarctabiturd
619 2373 863 2416 lassitudoe
877 2376 960 2417 ·?Et
978 2374 1119 2432 quiad
1134 2389 1286 2416 eorum
1307 2389 1453 2415 mores
1472 2372 1596 2415 nulla
1607 2373 1768 2415 volun-

319 2513 351 2534 ει.
380 2503 478 2534 illico
505 2503 549 2534 D.
574 2521 615 2526 —
634 2503 667 2534 b.
694 2503 850 2542 foeminae
877 2505 919 2536 D.
940 2523 978 2527 —
1004 2515 1034 2536 c.
1054 2514 1207 2545 marique
1226 2504 1270 2535 D.
1291 2522 1332 2526 —-
1359 2503 1391 2534 d.
1412 2503 1511 2535 Corr.
1531 2503 1575 2534 de
1592 2502 1636 2534 D.
1655 2503 1772 2534 carta-

276 2544 379 2575 bitur
394 2545 432 2583 B,
452 2554 540 2576 avec
558 2546 609 2576 les
628 2546 718 2576 trois
735 2546 931 2585 premieres
950 2547 1079 2578 lettres
1096 2545 1351 2587 exponetuees.
1367 2563 1408 2568 —
1425 2555 1453 2577 e.
1473 2544 1627 2576 latitudo
1644 2544 1688 2576 D.

321 2716 350 2744 1.
376 2712 484 2744 Liber
514 2713 659 2751 Psalm.,
682 2713 829 2749 XXXII,
849 2716 886 2743 15
912 2722 948 2744 x«
969 2712 1037 2748 Qui
1066 2713 1168 2744 finxit
1189 2712 1373 2751 sigillatim
1404 2711 1512 2742 corda
1529 2721 1652 2742 eorum
1680 2721 1687 2742 t
1707 2711 1767 2753 qui

279 2754 450 2793 intelligit
471 2755 590 2785 onmia
610 2765 717 2794 opera
736 2764 872 2785 eorum.
892 2767 906 2781 »

322 2800 350 2826 2.
376 2808 416 2823 z
432 2787 534 2827 Etrcs
553 2796 664 2827 dones
680 2796 879 2836 d'organes,
899 2795 973 2826 etre
995 2795 1153 2826 vivants.
1173 2795 1252 2826 Mot
1269 2795 1312 2826 de
1330 2794 1364 2825 la
1384 2793 1596 2825 decadence.
