1930 3224
295 255 379 297 124
706 270 804 299 VEN.
842 270 1033 299 nummu
1065 272 1171 300 v1TAE
1202 272 1321 300 LIBER
1354 273 1382 300 11

291 367 466 420 dentes,
491 367 600 410 fassi
622 373 728 410 sunt
754 369 980 410 neminem
1010 384 1056 411 se
1085 369 1267 412 vidisse.
1302 370 1401 427 Ipse
1434 386 1538 412 vero
1570 358 1766 416 referens

292 436 369 493 qui
389 440 554 488 essent,
582 436 806 493 quomodo
835 452 881 478 se
906 437 1106 494 egissent
1137 438 1302 495 quidve
1326 438 1558 491 dixissent,
1589 444 1632 482 et
1655 443 1767 483 tem-

290 519 377 560 pus
397 504 564 561 pariter
598 505 797 561 signans,
835 520 914 546 suo
947 510 990 547 et
1021 506 1222 548 omnium
1253 506 1511 548 testimonio
1541 507 1712 560 didicit,
1744 523 1771 551 a

288 571 572 614 daemonibus
590 588 637 614 se
658 572 888 616 delusum:
915 578 1020 615 sunt
1040 574 1159 615 enim
1185 574 1390 631 quaedam
1416 575 1635 634 daemonia
1661 575 1770 618 solis

289 639 494 681 ludibriis
509 640 697 693 intenta,
724 646 830 683 sunt
850 646 895 683 et
911 641 1060 699 aliqua
1079 647 1228 684 mente
1247 642 1458 695 crudelia,
1477 648 1522 686 et
1535 643 1591 686 ad
1610 643 1773 686 laeden-

291 708 399 749 dum
433 724 588 765 prona.
641 708 782 765 Cujus
828 709 954 752 verbi
992 710 1131 767 gratia
1179 715 1302 752 extra
1358 711 1639 769 propositum
1681 711 1769 754 duo

237 831 241 836 .
289 776 493 834 exempla
514 778 821 834 proponimus.

866 953 1082 1011 [CAPUT
1114 955 1192 1012 vl]

354 1101 492 1158 Apud
512 1107 709 1144 castrum
731 1101 1026 1145 Calniacum¹
1055 1118 1108 1144 ex
1135 1102 1302 1144 familia
1329 1102 1602 1156 Guascelini,
1639 1102 1774 1146 castri

293 1170 436 1227 ipsius
461 1170 630 1211 domini
645 1170 675 1222 2,
711 1169 906 1212 famulus
943 1171 1125 1228 quidam
1150 1176 1258 1223 erat,
1288 1171 1359 1213 cui
1391 1171 1447 1213 ad
1473 1170 1647 1213 castelli
1675 1186 1773 1213 cus-

291 1238 461 1281 todiam
488 1238 697 1280 noctibus
724 1238 974 1280 excubandi
1001 1238 1197 1281 officium
1226 1239 1528 1282 incumbebat.
1559 1238 1646 1290 Qui
1671 1253 1773 1281 ves—

290 1306 479 1364 pertinis
500 1306 761 1348 caecutiente
779 1306 873 1363 jam
890 1323 1072 1364 prorsus
1093 1307 1162 1349 die
1184 1308 1320 1359 horis,
1350 1323 1452 1350 cum
1471 1322 1609 1349 coenae
1628 1306 1774 1349 immi-

289 1375 412 1417 nenti
454 1374 609 1416 deesse
650 1374 843 1428 timeret,
891 1381 1015 1418 trans
1066 1375 1253 1417 fluvium
1296 1376 1469 1433 positus
1492 1377 1509 1404 3
1552 1374 1774 1434 clamabat

290 1443 455 1500 appelli
488 1442 543 1484 ab
576 1442 726 1500 aliquo
756 1444 883 1486 alteri
907 1444 1012 1500 ripae
1048 1459 1226 1497 navem,
1253 1459 1443 1501 cumque
1476 1443 1516 1485 ei
1545 1459 1570 1485 a
1595 1442 1773 1485 nemine

291 1510 593 1562 obaudiretur,
619 1511 664 1552 in
685 1510 880 1554 furorem
898 1513 1031 1554 homo
1057 1527 1229 1564 versus,
1254 1512 1395 1555 dixit:
1421 1530 1441 1550 «
1465 1511 1548 1553 Vel
1570 1526 1652 1553 vos
1678 1510 1773 1552 dia—

289 1579 397 1631 boli,
418 1594 555 1636 quare
575 1594 647 1620 me
674 1595 763 1621 non
785 1580 1112 1638 transponitis?
1134 1598 1154 1618 »
1178 1580 1270 1622 Nec
1290 1595 1427 1632 mora,
1452 1579 1656 1621 diabolus
1676 1593 1773 1620 sese

290 1648 434 1700 offert,
475 1665 494 1687 «
526 1647 750 1699 Ascende,
787 1648 1010 1706 inquiens,
1048 1663 1129 1705 ego
1160 1652 1203 1689 te
1235 1648 1373 1690 feram
1401 1665 1438 1690 ».
1467 1647 1591 1690 Illico
1618 1646 1774 1689 infelix

287 1715 403 1758 male
427 1731 610 1757 casurus
641 1717 856 1760 ascendit.
891 1717 989 1768 Quo
1016 1715 1220 1758 diabolus
1254 1720 1486 1773 assumpto
1510 1715 1593 1757 sub
1620 1715 1774 1757 eadem

288 1784 398 1826 hora
414 1784 459 1825 in
488 1784 664 1827 Italiam
682 1784 843 1826 detulit
866 1783 976 1826 infra
1004 1784 1269 1826 suburbium
1295 1783 1505 1836 civitatis,
1535 1798 1634 1841 quae
1661 1782 1776 1825 Sub-

289 1857 388 1894 tura
422 1852 643 1906 dicitur43
677 1868 778 1894 eum
811 1857 937 1894 tanta
967 1852 1245 1909 benignitate
1276 1851 1497 1909 deposuit,
1535 1856 1586 1894 ut
1612 1866 1772 1894 coxam

289 1920 329 1962 ei
358 1919 595 1976 frangeret.
630 1921 712 1963 Est
739 1926 889 1963 autem
916 1921 1014 1978 ipsa
1038 1920 1196 1962 civitas
1224 1920 1311 1962 diei
1335 1920 1425 1962 sere
1452 1919 1586 1961 unius
1613 1919 1770 1961 itinere

290 1988 400 2031 citra
450 1988 618 2032 Urbem
642 1989 672 2031 5.
729 1989 878 2031 Pridie
928 1994 1077 2030 autem
1137 1988 1345 2030 dominus
1390 1987 1488 2044 ejus
1530 1986 1773 2045 praedictus

290 2057 348 2098 ad
370 2057 527 2098 limina
547 2057 855 2114 apostolorum
871 2056 1113 2114 profectuS,
1138 2056 1192 2098 ab
1219 2056 1328 2098 urbe
1357 2056 1584 2113 digressus
1610 2054 1769 2106 fuerat,

292 2130 338 2167 et
355 2124 562 2167 Subturae
586 2125 856 2182 hospitatus.
887 2125 972 2176 Qui
1002 2140 1118 2176 cum,
1151 2129 1393 2181 antequam
1420 2124 1651 2175 diesceret,
1680 2137 1774 2164 sur-

291 2194 498 2245 rexisset,
532 2198 583 2235 ut
615 2194 761 2235 solent
794 2193 993 2235 hibernis
1022 2193 1360 2250 peregrinantes
1395 2191 1641 2243 mensibus,
1670 2205 1772 2232 cum

291 2265 416 2303 extra
437 2261 669 2303 civitatem
690 2277 793 2303 cum
820 2261 912 2302 suis
942 2276 1073 2318 agros
1104 2260 1358 2316 attingeret,
1396 2259 1629 2316 cujusdam
1655 2257 1774 2300 haud

327 2430 355 2456 1.
382 2426 542 2467 Chauny,
563 2425 643 2466 dep.
663 2427 706 2457 de
727 2425 872 2463 l'Aisne,
892 2437 960 2457 arr.
978 2427 1019 2456 dc
1039 2426 1147 2462 Laon,
1166 2426 1261 2456 eh.-l.
1282 2426 1325 2455 de
1342 2426 1483 2456 canton.

327 2472 355 2498 2.
384 2468 412 2498 Il
438 2467 539 2507 s'agit
563 2468 608 2498 ici
633 2468 717 2498 d'un
741 2468 928 2506 Chatelain,
954 2468 1103 2507 Chauny
1129 2466 1227 2497 etant
1252 2465 1346 2497 reste
1370 2465 1535 2506 jusqu'au
1566 2471 1639 2495 XI11⁶
1667 2464 1773 2495 siecle

285 2518 369 2539 sous
390 2510 421 2539 la
440 2509 661 2540 domination
685 2509 747 2539 des
764 2511 900 2540 comtes
917 2510 960 2539 de
976 2509 1213 2539 Vermandois
1235 2508 1293 2548 (cf.
1320 2506 1452 2544 Labbe,
1470 2500 1554 2538 Etat
1574 2506 1616 2537 de
1639 2505 1671 2536 la
1689 2505 1774 2536 ville

286 2551 327 2581 cle
346 2549 497 2591 Chauny
521 2560 602 2581 sous
620 2550 670 2581 les
687 2552 818 2581 comtes
836 2551 878 2581 ‹Ie
913 2549 1326 2591 Vermandoisjusqu'au
1351 2548 1449 2579 XIII⁸
1464 2548 1581 2586 sie‘ele,
1604 2547 1689 2588 pub.
1709 2557 1774 2588 par

286 2591 328 2622 G.
350 2592 499 2632 Lecocq,
519 2591 808 2630 Saint-Quentin,
826 2595 916 2629 1⁸76,
935 2592 1030 2631 in-ss).

327 2636 356 2663 3.
382 2633 531 2672 Chauny
556 2643 592 2663 se
610 2635 736 2663 trouve
752 2643 813 2663 sur
827 2634 858 2663 la
876 2633 950 2663 rive
968 2632 1085 2663 droite
1103 2633 1146 2662 dc
1164 2632 1310 2662 l'Aisne.

327 2675 356 2704 4.
383 2674 547 2714 Dachery
565 2675 637 2705 met
655 2684 697 2704 en
716 2684 834 2713 margo
852 2684 858 2705 ς
878 2674 934 2704 vel
952 2673 1095 2704 Subura
1112 2686 1153 2701 z
1169 2673 1338 2711 Suburre,
1358 2672 1516 2712 quartier
1533 2672 1602 2702 mal
1619 2670 1710 2702 same
1728 2671 1771 2701 de

289 2715 412 2746 Rome.
431 2716 472 2746 V.
490 2716 521 2746 la
539 2725 572 2746 n.
593 2719 620 2746 5.

328 2760 356 2787 5.
383 2757 443 2787 S'il
472 2756 573 2797 s'agit
596 2756 803 2787 reellement
833 2757 874 2786 de
890 2756 1059 2791 Suburre,
1085 2756 1149 2796 ily
1173 2766 1190 2786 a
1207 2756 1239 2787 la
1258 2765 1324 2786 une
1347 2754 1588 2785 inexactitude
1611 2753 1769 2784 absolue.

288 2798 415 2828 Guizot
435 2798 550 2837 (Coll.,
570 2799 594 2828 t.
613 2798 674 2836 IX,
691 2808 723 2838 p.
745 2798 814 2837 503)
834 2807 987 2837 proposc
1004 2797 1114 2835 Satri,
1135 2797 1216 2827 ville
1234 2798 1276 2827 de
1293 2796 1418 2826 l'ltalie
1436 2795 1603 2826 centralc.
