1930 3224
284 273 366 315 120
694 286 791 316 viem.
827 286 1021 314 arnimari
1054 287 1160 315 vim-1
1193 287 1309 315 Lim-:R
1345 287 1371 314 n

341 385 694 428 Grandiusculus
747 401 851 441 ergo
903 400 1004 426 cum
1050 385 1181 437 foret,
1235 385 1305 427 ab
1330 385 1562 439 hebraicis,
1597 385 1762 444 quibus

283 453 423 495 imbui
456 458 666 510 coeperat,
697 453 752 494 ad
794 453 957 494 latinas
990 453 1143 495 literas
1178 453 1368 495 traditus
1406 453 1531 495 brevi
1565 453 1730 496 coaluit
1747 467 1763 507 ;.

280 526 340 571 et,
389 522 493 579 quia
534 537 589 562 ne
634 537 658 562 a
698 521 789 562 suis
836 521 892 562 ad
944 516 1128 578 pristina
1175 526 1457 563 revocaretur
1499 520 1760 579 parentibus

282 589 524 642 metuebat,
559 588 837 630 Flaviacensi
868 604 968 630 eum
997 588 1151 630 intulit
1186 589 1418 631 coenobio:
1455 589 1500 630 id
1531 589 1652 632 enim
1678 588 1761 631 ali-

283 657 460 715 quando
483 661 783 707 tentaverant,
814 656 893 697 sed
917 656 1027 697 nihil
1058 671 1195 713 penes
1230 671 1332 698 eum
1371 657 1619 700 valuerant.
1654 657 1761 699 Tra-

282 725 402 767 ditus
438 730 587 766 autem
620 724 919 775 monachatui,
956 729 1079 766 tanta
1122 725 1446 766 affectuositate
1484 740 1588 782 erga
1622 724 1761 767 chris-

283 794 454 835 tianum
480 807 525 834 se
548 807 716 834 morem
738 792 908 843 habuit,
933 797 1056 834 tanta
1092 792 1228 833 animi
1269 792 1510 834 acrimonia
1544 792 1761 850 quidquid

283 861 446 902 divinaae
487 860 707 902 attinebat
749 859 944 901 scientim
990 859 1219 911 combibit,
1266 865 1390 902 tanta
1425 860 1762 918 aequanimitate

284 944 334 970 ea
378 944 476 986 quae
519 927 605 970 sibi
653 928 899 985 disciplinae
943 928 1085 984 gratia
1126 927 1431 970 inferebantur
1471 927 1671 985 pertulit,
1711 932 1763 970 ut

286 1013 375 1038 suae
402 1011 596 1054 nequam
616 1000 786 1037 naturae
810 996 1010 1047 victoria,
1041 1000 1084 1037 et
1107 1011 1250 1053 nuper
1268 995 1457 1038 turbatae
1486 995 1762 1038 habitudinis

284 1065 457 1121 glori-‘21³
507 1079 596 1105 non
627 1064 874 1105 'minimam
921 1064 1215 1105 reverentiam
1259 1079 1284 1105 a
1331 1063 1504 1106 cunctis
1544 1064 1759 1121 exigeret.

287 1132 556 1188 Delegatum
600 1131 738 1188 igitur
773 1131 857 1173 sibi
901 1131 1100 1188 pueritiae
1137 1147 1226 1173 suae
1259 1131 1490 1173 custodem
1521 1131 1763 1174 clandesti-

285 1217 393 1245 num
414 1200 570 1242 habuit
595 1199 925 1257 grammaticaeh
950 1204 1281 1256 praeceptorem,
1309 1199 1399 1257 qui,
1426 1199 1496 1240 vir
1519 1199 1763 1256 plurimum

287 1269 541 1325 religiosus,
593 1268 880 1309 considerans
913 1283 1029 1309 novo
1063 1267 1128 1308 illi
1161 1267 1434 1309 homunculo
1467 1268 1763 1310 necessariam

288 1341 453 1378 nostra*
490 1336 604 1393 legis
643 1336 865 1387 notitiam,
907 1336 991 1392 ipsi
1028 1335 1268 1377 erudiendo
1306 1350 1395 1376 non
1433 1335 1612 1377 inanem
1643 1335 1768 1378 dedit

284 1420 481 1462 operam.

343 1472 468 1516 Adeo
508 1487 700 1529 namque
732 1471 995 1514 naturaliter
1024 1471 1163 1512 solers
1193 1470 1291 1527 ejus
1321 1471 1519 1528 quotidie
1539 1471 1763 1513 acumina-

287 1546 361 1583 tur
393 1541 637 1597 ingenium,
682 1545 732 1581 ut
775 1555 876 1581 cum
914 1539 976 1580 ibi
1002 1539 1281 1581 literatorum
1321 1539 1478 1581 floreat
1504 1539 1762 1592 multitudo,

287 1608 430 1665 major
450 1606 1047 1665 intelligentiae⁰cujuspiam
1067 1622 1155 1648 non
1181 1611 1362 1663 putetur
1389 1606 1623 1650 claritudo,
1651 1605 1765 1648 Cum

288 1677 438 1734 itaque
485 1677 530 1717 in
565 1676 797 1718 sentiendo
831 1675 888 1716 sit
929 1675 1113 1727 multus,
1165 1674 1412 1716 invidentia
1442 1679 1766 1732 consequenter

286 1760 336 1786 ac
363 1744 651 1801 derogatione
691 1744 742 1785 fit
761 1743 929 1795 nullus,
967 1758 1144 1799 semper
1176 1741 1345 1794 hilaris,
1376 1746 1420 1784 et
1454 1742 1524 1784 cui
1557 1742 1765 1799 specialis

287 1817 461 1854 constet
486 1812 712 1869 pudicitiae
734 1811 898 1853 cultus.
931 1811 1004 1852 Ad
1033 1810 1166 1862 hunc,
1198 1809 1253 1851 ob
1278 1810 1532 1867 augendum
1567 1809 1764 1853 infractae

284 1880 386 1921 fidei
414 1896 504 1921 suae
543 1879 693 1930 robur,
731 1879 935 1920 libellum
965 1877 1227 1936 quendamd
1247 1878 1404 1932 direxi,
1437 1893 1572 1935 quem
1609 1882 1775 1920 contra·

283 1949 547 1990 Suessorum
587 1947 824 1989 comitem¹
868 1946 1169 2003 judaizantem
1201 1946 1366 2003 pariter
1406 1950 1450 1988 et
1487 1945 1759 1997 haereticum,

285 2021 387 2057 ante
406 2015 750 2073 quadriennium
771 2014 908 2056 ferme
928 2014 1192 2070 scripseram
1207 2014 1239 2063 2,
1264 2029 1397 2070 quem
1422 2013 1514 2066 ille,
1540 2018 1590 2055 ut
1613 2013 1759 2066 audio,

323 2138 352 2158 a.
370 2127 528 2168 {flor-iam
546 2128 577 2157 D
601 2127 661 2167 qui
679 2127 817 2166 corrige
837 2126 1065 2156 inutilement
1082 2135 1125 2156 en
1141 2125 1275 2167 {flor-ia.
1296 2143 1336 2147 --
1358 2124 1393 2157 b.
1410 2123 1644 2167 grammatice
1661 2119 1705 2156 D'.
1724 2142 1764 2147 -—

284 2180 311 2200 u.
333 2168 576 2209 intelliqentieg
592 2169 680 2199 D.—
697 2168 729 2200 d.
749 2167 940 2209 quemdam
955 2167 998 2198 D.
1132 2172 1140 2177 ’

282 2327 372 2357 pour
401 2317 502 2347 avoir
528 2316 684 2347 violente
709 2326 777 2346 une
807 2316 948 2351 femme,
979 2316 1032 2346 fut
1061 2315 1145 2356 puni
1172 2315 1216 2345 de
1246 2315 1277 2346 la
1307 2315 1411 2355 peine
1440 2315 1482 2345 dc
1512 2315 1544 2345 la
1569 2314 1764 2345 castration

282 2358 443 2397 (Oi-cleric
467 2358 573 2396 Vital‚
604 2357 694 2388 Hist.
719 2357 855 2392 eccles„
887 2357 908 2387 l.
931 2356 1026 2393 VIII,
1046 2359 1070 2387 t.
1092 2356 1153 2395 III,
1172 2367 1206 2397 p.
1227 2357 1317 2397 411>3
1341 2359 1398 2387 cet
1421 2355 1632 2386 e'venement
1649 2357 1703 2386 est
1719 2356 1763 2386 de

280 2403 358 2430 1096
377 2399 493 2440 (ibid,
510 2402 534 2430 t.
557 2399 616 2437 III,
637 2409 670 2439 p.
691 2401 760 2437 411,
778 2408 810 2428 n.
833 2398 862 2438 4)
877 2408 884 2435 ς
901 2408 945 2428 οη
964 2401 1131 2429 trouvera
1149 2398 1236 2428 dans
1252 2397 1343 2429 l‘Art
1360 2397 1403 2428 de
1420 2396 1564 2437 vdrifier
1581 2396 1631 2427 les
1650 2397 1761 2435 dales,

279 2444 302 2472 t.
324 2441 369 2479 II,
388 2452 422 2482 p.
447 2444 516 2478 798,
537 2450 604 2471 une
625 2442 724 2471 autre
744 2439 1016 2480 interpretation
1035 2439 1097 2469 des
1114 2439 1209 2470 faits.
1230 2439 1429 2469 Guillaume
1449 2438 1479 2469 II
1498 2438 1594 2469 avait
1607 2448 1654 2468 un
1671 2437 1764 2468 frere

277 2482 412 2522 &voque
428 2483 470 2513 de
496 2482 648 2519 Lisieux,
667 2482 813 2520 Hugucs
837 2481 999 2520 (Orderic
1030 2480 1137 2518 Vital,
1161 2480 1203 2511 H.
1222 2480 1276 2517 E„
1301 2480 1323 2510 l.
1347 2479 1410 2518 III,
1437 2482 1460 2510 t.
1484 2479 1527 2517 ΙΙ,
1547 2489 1582 2520 p.
1601 2479 1665 2519 39).
1691 2478 1763 2510 Son

277 2524 378 2554 oncle
397 2523 484 2554 &tait
503 2522 966 2559 Guillaume1311sac,comte
985 2522 1028 2552 de
1046 2521 1210 2551 Soissons
1227 2521 1386 2562 (1058-99)
1401 2523 1447 2560 (v.
1461 2531 1496 2561 p.
1507 2521 1577 2559 208,
1591 2520 1762 2560 n.2).11y

276 2575 295 2595 a
323 2565 415 2595 donc
438 2565 500 2595 des
528 2565 695 2604 rapports
722 2563 838 2604 precis
864 2566 963 2594 entre
990 2563 1040 2593 les
1067 2562 1219 2593 familles
1248 2562 1374 2593 nobles
1400 2562 1443 2592 de
1470 2561 1631 2592 Picardie
1657 2563 1694 2592 et
1719 2560 1762 2592 de

276 2606 504 2636 Normandie.

318 2651 345 2677 1.
373 2646 442 2677 Sur
459 2657 498 2685 ee
516 2649 633 2677 comte
653 2646 695 2676 dc
718 2645 895 2681 Soissons,
915 2655 947 2676 v.
969 2646 989 2676 1.
1011 2645 1073 2683 ΙΙΙ,
1092 2655 1122 2676 c.
1142 2655 1212 2676 xw.

316 2692 343 2718 2.
373 2688 398 2718 Il
423 2688 524 2728 s'agit
542 2689 588 2718 du
619 2688 806 2718 Tractatus
832 2687 873 2717 de
899 2685 1148 2717 incarnatione
1174 2685 1478 2720 contra-ludaeos,
1502 2684 1606 2716 dedic
1633 2684 1652 2715 ὲ
1675 2684 1761 2715 Ber-

275 2730 374 2768 nard,
391 2730 509 2769 doycn
528 2730 571 2760 dc
590 2729 620 2760 la
639 2728 840 2760 cathedrale
859 2728 901 2758 dc
920 2728 1098 2765 Soissons,
1118 2727 1239 2768 public
1257 2737 1321 2768 par
1335 2727 1515 2767 Dachery,
1542 2727 1604 2768 Op.
1626 2725 1756 2761 omnia,

273 2781 305 2810 p.
323 2773 457 2801 264-281
480 2771 622 2810 (Migne,
642 2770 678 2800 P.
698 2771 747 2805 l..,
767 2772 790 2800 t.
809 2772 879 2806 156,
896 2769 962 2800 col.
984 2771 1143 2809 489-528).
1164 2769 1191 2799 ll
1210 2769 1282 2799 faut
1299 2768 1480 2799 rattacher
1496 2768 1514 2798 a
1527 2769 1620 2798 cette
1636 2776 1759 2797 oeuvrc

272 2812 316 2842 (lc
326 2812 479 2843 Guibcrt
494 2811 678 2852 I'Eptstola
693 2811 734 2842 de
746 2811 909 2842 buccella
923 2810 1022 2841 Iudae
1036 2810 1117 2841 data
1136 2812 1168 2841 el
1184 2810 1225 2840 de
1237 2809 1386 2841 veritate
1399 2808 1572 2840 dominici
1582 2807 1757 2849 corpor-is,
