1930 3224
552 256 652 284 VEN.
689 256 879 285 GUfflERTi
914 256 1019 284 vii-,1⁴3
1050 257 1172 285 LIBER
1206 257 1248 284 ιιι
1578 243 1663 286 225

162 354 376 412 contiguo
389 369 468 412 per
481 355 675 397 mediam
689 355 893 412 sylvam³
906 356 1009 398 ruit.
1031 374 1051 394 «
1070 355 1256 407 Audite,
1272 355 1434 412 inquit,
1450 355 1604 397 audite
1624 374 1660 398 ».

165 421 371 481 Cumque
418 422 687 466 altrinsecus
734 429 837 482 post
886 424 1009 482 ipsos
1066 424 1268 481 plurimoe
1311 423 1664 465 succlamassent

162 503 318 535 voees:
337 509 357 531 «
372 490 491 543 Quid
506 492 617 534 illud
629 493 649 534 ⁶?
662 510 699 542 »‚
712 508 798 534 vox
813 491 959 534 denuo
971 491 1125 535 intulit
1141 509 1148 533 ε
1166 510 1186 531 «
1205 492 1478 545 Caduceum,
1495 492 1656 550 inquit,

163 559 305 603 hincb
331 564 528 617 portant.
565 578 585 600 »
625 560 712 612 Qui
748 560 937 603 forsitan
973 561 1035 603 sic
1067 566 1112 603 et
1140 561 1299 603 merito
1332 561 1592 613 vocabatur,
1621 565 1664 603 et

162 628 332 671 multos
373 629 531 671 cadere
563 628 683 672 fecit.
722 629 821 681 Quo
851 629 986 682 dicto,
1022 629 1209 671 infinitae
1233 629 1491 671 daemonum
1525 629 1664 686 copiae

162 697 493 756 undecunquec
527 697 656 755 quasi
683 698 739 740 ad
780 698 1025 740 eruendum
1058 702 1281 756 proruunt
1312 698 1356 739 in
1391 703 1587 743 tantum.
1614 702 1664 740 ut

164 781 324 808 nemus
354 765 617 808 universum
651 782 704 808 ex
745 765 993 824 frequentia
1025 766 1155 809 obrui
1194 767 1438 809 videretur.
1472 766 1663 808 Diabolo

163 849 285 892 ergo,
309 849 444 892 quem
473 833 691 887 ferebant,
726 850 815 877 non
853 839 1015 877 taxone
1052 835 1268 893 projecte,
1314 851 1427 893 pene
1461 840 1663 877 amentes

163 902 311 945 effecti
336 902 490 960 fugam
505 902 678 946 ineunt.
709 903 796 955 Qui
817 903 1002 945 domum
1021 904 1269 956 venientes,
1296 919 1375 945 nec
1395 919 1518 946 mora
1548 909 1665 946 tem-

162 971 286 1029 poris
302 971 469 1013 mortui
495 976 600 1014 sunt
617 971 646 1015 ¹.
1009 959 1015 966 ’
1047 1020 1049 1022 ,

222 1039 274 1082 In
299 1039 395 1098 ipsa
423 1040 654 1098 provincia
675 1041 870 1083 rusticus
894 1041 1078 1100 quidam
1106 1042 1445 1102 crureintecto,
1473 1040 1664 1099 pedibus

161 1107 315 1161 nudis,
345 1124 478 1167 super
518 1109 718 1151 fluminis
751 1110 1042 1168 crepidinem,
1090 1110 1198 1152 dum
1228 1126 1251 1152 e
1290 1109 1443 1152 labore
1480 1109 1662 1162 rediret,

160 1181 362 1220 extrema
382 1193 463 1219 sua
487 1177 735 1231 lavaturus,
770 1178 991 1221 sabbatho
1020 1184 1379 1236 vesperascente,
1409 1178 1660 1221 desederat.

161 1245 267 1289 Mox
295 1245 352 1288 ab
378 1245 469 1288 imo
487 1261 615 1305 aquae
636 1246 795 1304 ipsius,
820 1247 865 1289 in
881 1263 968 1306 qua
995 1246 1197 1289 diluebat
1226 1248 1433 1305 vestigia,
1457 1247 1664 1289 diabolus

161 1312 260 1371 ejus
292 1313 484 1372 pedibus
517 1315 737 1358 innexuit.
772 1314 983 1373 Cumque·
1010 1316 1221 1368 rusticus,
1253 1331 1299 1358 se
1336 1316 1527 1374 ligatum
1562 1331 1665 1358 sen-

159 1381 296 1435 tiens,
321 1398 343 1425 a
374 1383 536 1425 vicinis
561 1383 835 1442 adjutorium
864 1384 1154 1427 inclamasset
1190 1389 1234 1427 et
1261 1385 1318 1427 ad
1345 1385 1531 1426 domum
1559 1400 1664 1443 pro-

159 1450 306 1508 priam
325 1451 503 1494 delatus
523 1451 684 1494 fuisset
704 1452 760 1495 ab
781 1453 862 1506 eis,
886 1458 1118 1511 coeperunt
1136 1453 1246 1495 rude
1269 1453 1505 1495 hominum
1520 1469 1664 1510 genus

159 1519 284 1562 omni
305 1519 495 1563 artificio
512 1536 660 1578 agere,
687 1521 723 1562 si
737 1522 962 1579 quomodo
988 1521 1192 1564 valerent
1207 1522 1448 1580 compedes
1470 1526 1613 1564 terere
1625 1521 1660 1564 d.

161 1587 286 1630 Dine
320 1603 427 1647 ergo
458 1589 573 1632 circa
607 1589 726 1632 hunc
765 1590 973 1632 inutilem
1004 1590 1239 1632 circuitum
1271 1591 1523 1633 eluctantes
1552 1591 1665 1632 nihil

159 1656 378 1711 efficiunt,
397 1673 503 1701 suos
523 1658 690 1717 quique
717 1658 844 1700 nisus
871 1658 1076 1702 eludunt.
1099 1659 1358 1717 Spiritualia
1385 1659 1506 1701 enim
1531 1659 1664 1717 spiri-

159 1724 361 1768 tualibus
379 1727 679 1784 comparanda
707 1732 828 1769 sunt.
865 1728 1063 1770 Tandem
1096 1733 1198 1785 post
1223 1733 1397 1771 rotatus
1426 1728 1664 1770 diuturnos

160 1793 295 1836 homo
313 1810 360 1837 se
380 1795 499 1838 inter
512 1810 589 1838 eos
604 1796 869 1853 peregrinus
884 1796 1147 1851 immiscuit,
1162 1798 1218 1840 ad
1233 1797 1538 1854 compeditum
1554 1797 1664 1855 ipsis

162 1863 474 1921 spectantibus
507 1879 604 1907 sese
641 1864 877 1922 proripuit,
906 1865 1029 1920 etin
1064 1870 1293 1908 momento
1329 1865 1530 1908 resolvit.
1565 1866 1664 1918 Quo

160 1930 296 1985 facto,
327 1932 534 1990 expedite
558 1933 760 1986 recessit,
791 1949 872 1976 nec
899 1934 1000 1991 quis
1028 1939 1147 1976 esset
1174 1935 1451 1992 interrogare
1470 1934 1610 1976 licuit.

223 2000 457 2044 Daemonia
478 2006 630 2044 autem
653 2002 893 2044 mulierum
911 2018 1101 2055 amores»,
1133 2008 1177 2045 et
1198 2003 1321 2061 ipsos
1344 2003 1480 2045 etiam
1499 2019 1664 2045 concu-

162 2068 286 2112 bitus
308 2070 566 2113 affectantia
586 2069 752 2129 ubique
772 2071 944 2113 affatim
962 2071 1260 2126 celebrantur,
1280 2077 1323 2115 et
1347 2072 1435 2114 nisi
1456 2072 1660 2130 puderet,

162 2153 186 2181 a
207 2137 339 2181 nobis
358 2139 553 2197 plurima
569 2138 839 2182 dicerentur.
865 2140 980 2182 Sunt
1003 2155 1181 2198 quoque
1203 2141 1409 2199 q'uaedam
1436 2141 1481 2182 in
1504 2141 1664 2199 nequi-

162 2207 239 2251 tiis
257 2207 515 2265 infligendis
533 2208 716 2261 atrocia,
741 2208 890 2266 aliqua
912 2224 1018 2251 vero
1040 2209 1150 2251 solis
1171 2215 1379 2252 contenta
1402 2209 1608 2252 ludibriis
1629 2211 1661 2254 2.

162 2275 252 2320 Sed
271 2275 426 2318 stilum
441 2276 460 2310 f
470 2276 566 2334 jam
586 2277 643 2319 ad
669 2277 839 2319 laetiora
867 2282 1097 2319 vertamus
1118 2279 1149 2320 ³³.
1198 2291 1201 2294 ·

202 2399 235 2420 a.
258 2389 362 2421 Corr.
396 2389 439 2421 de
461 2389 505 2421 D.
532 2390 647 2421 media
671 2389 774 2431 sylva
802 2390 839 2421 B.
859 2408 900 2412 —
924 2390 957 2422 h.
988 2390 1071 2422 huic
1098 2391 1135 2422 B.
1156 2391 1252 2422 hunc
1274 2392 1316 2422 D.
1341 2408 1382 2413 -—
1409 2402 1438 2422 ι’.
1467 2391 1662 2423 undecum-

163 2440 234 2474 que
253 2431 297 2462 D.
324 2449 366 2455 —
388 2431 426 2463 d.
456 2431 557 2463 Corr.
584 2432 628 2478 de
658 2432 700 2462 D.
723 2433 842 2463 lerare
864 2432 902 2463 B.
919 2451 960 2455 —-
976 2442 1005 2463 e.
1026 2432 1091 2464 dui
1108 2433 1152 2464 D.
1177 2451 1218 2455 ——
1240 2432 1266 2473 f.
1286 2433 1424 2475 stylum
1450 2433 1493 2465 D.

207 2567 236 2596 1.
261 2564 377 2596 Toute
395 2566 490 2596 cette
509 2565 658 2595 histoire
676 2568 730 2596 est
746 2575 791 2595 un
816 2565 951 2596 bizarre
970 2566 1167 2606 amalgame
1185 2566 1247 2596 des
1263 2566 1429 2605 legendos
1444 2570 1663 2597 concernant

164 2605 237 2638 Pan
254 2608 291 2638 et
309 2606 485 2639 Mercure.
514 2607 539 2637 11
565 2607 675 2638 serait
697 2607 844 2638 curieux
869 2608 913 2638 de
936 2608 1151 2638 rechercher
1168 2617 1231 2648 pur
1254 2608 1356 2648 qucls
1378 2607 1663 2639 intermediaires

163 2647 343 2680 l’attribut
356 2648 400 2679 de
416 2648 591 2686 Mercurc,
616 2650 646 2679 le
670 2649 836 2687 caducee,
856 2659 874 2680 a
893 2649 995 2690 passe
1014 2660 1105 2691 pour
1121 2649 1271 2679 devenir
1289 2659 1334 2679 un
1350 2649 1525 2679 embleme
1543 2649 1663 2680 demo-

163 2700 306 2731 niaque.

203 2735 234 2763 2.
259 2732 315 2763 On
333 2732 399 2763 sain
419 2732 450 2763 le
469 2733 561 2773 parti
587 2743 654 2773 quc
681 2733 851 2765 Michelet
873 2743 891 2764 a
910 2734 978 2764 tire
995 2734 1038 2763 (lc
1064 2733 1284 2764 semblables
1304 2732 1462 2763 donne-es
1490 2733 1578 2763 dans
1597 2743 1661 2764 son

164 2773 313 2805 curicux
328 2774 418 2804 livre
433 2774 477 2805 de
502 2775 549 2806 La
567 2774 741 2806 Sorcidre.

206 2819 235 2846 3.
261 2815 364 2847 Cette
381 2815 510 2856 phrase
527 2827 687 2847 annonce
718 2818 781 2847 dos
811 2816 974 2857 episodcs
1003 2817 1160 2848 hein-eux
1184 2817 1243 2856 qui
1275 2827 1317 2846 nc
1337 2827 1373 2846 se
1401 2818 1571 2847 trouvent
1598 2827 1661 2857 pas

277 2884 348 2911 Veri.
372 2884 519 2911 Gniberli
542 2885 614 2912 viI-1.
1504 2888 1531 2911 ¹53
