1930 3224
275 236 328 278 70
674 251 774 280 VEN.
819 250 1013 280 GmBERTl
1057 251 1164 281 vim
1195 252 1315 281 LIBER
1347 253 1362 280 l

275 348 551 391 orationibus
595 364 644 391 ac
685 348 913 405 lacrymis,
956 349 1076 391 haud
1122 350 1420 393 mediocribus
1461 351 1760 408 eleemosynis

274 416 502 459 solvendae
534 416 630 473 ejus
658 417 834 470 animae,
876 432 1012 474 quam
1054 418 1249 475 peccatis
1282 418 1516 476 praepediri
1554 423 1757 474 noverat,

273 484 578 527 indesinenter
614 485 845 528 institerit.
872 485 970 537 Qua
996 501 1050 527 ex
1085 501 1129 528 re
1168 487 1279 528 mira
1312 486 1393 528 Dei
1425 487 1760 544 dispensatione

273 553 423 604 fiebat,
447 558 499 595 ut
521 552 801 595 creberrimis
825 553 865 595 ei
886 553 1152 607 visionibus,
1176 570 1290 612 quos
1312 554 1387 597 ille
1408 555 1587 598 dolores
1612 555 1658 598 in
1679 571 1761 603 sua

275 621 538 679 purgatione
560 620 745 673 ferebat,
760 620 1083 678 patentissimis
1098 629 1116 648 ἃ
1130 622 1528 678 imaginationibus
1540 627 1750 669 monstra-

276 694 429 731 rentur
453 702 461 731 :
495 687 628 746 quaeb
663 689 864 730 visorum
887 704 1051 746 genera
1080 690 1198 732 haud
1229 690 1416 733 dubium
1437 692 1544 749 quin
1580 707 1639 734 ex
1666 691 1759 739 Deo

276 757 542 814 proveniant
571 770 580 808 3
613 757 690 799 ubi
726 757 844 799 enim
880 757 1004 800 nulla
1035 773 1171 815 prava
1197 759 1414 801 securitas
1442 774 1497 801 ex
1529 764 1760 817 assumpta

278 825 749 882 falsoypulchritudine
771 825 955 867 luminis
977 825 1121 879 datur,
1155 826 1232 868 sed
1262 840 1317 868 ex
1346 826 1496 869 oblata
1521 827 1687 869 doloris
1711 842 1761 878 ac

279 908 515 950 poenarum
561 893 707 950 specie
758 893 972 935 orationis
1014 898 1058 936 et
1097 893 1493 937 eleemosinarumc
1538 895 1763 943 incentiva

278 960 547 1018 praebentur,
571 960 647 1002 ubi
674 966 825 1018 aperte
852 976 876 1003 a
903 961 1108 1015 mortuis,
1141 962 1230 1004 imo
1261 962 1316 1004 ab
1341 963 1531 1020 angelis,
1561 963 1638 1020 qui
1657 962 1764 1013 fide-

279 1029 390 1070 lium
415 1033 695 1071 mortuorum
726 1044 877 1074 curam
898 1034 1074 1086 gerunt,
1105 1029 1247 1071 divini
1274 1030 1408 1072 officii
1438 1031 1632 1073 remedia
1669 1031 1763 1074 exi-

279 1101 461 1154 guntur,
486 1112 540 1138 ex
563 1098 656 1139 Deo
678 1098 771 1139 haec
793 1097 886 1139 fieri
918 1098 1001 1139 hoc
1028 1097 1254 1140 sufficiens
1276 1098 1528 1155 probationi
1548 1103 1631 1151 est,
1661 1099 1765 1157 quia

281 1181 303 1206 a
326 1165 604 1207 daemonibus
622 1180 850 1222 nunquam
870 1166 1004 1207 saluti
1031 1166 1282 1223 cujuspiam
1308 1166 1538 1224 profutura
1560 1181 1764 1224 quaerun-

281 1238 367 1275 tur.
394 1233 622 1276 Sollicitus
644 1233 782 1290 igitur
803 1233 961 1275 bonaed
979 1234 1100 1276 illius
1121 1234 1320 1276 mulieris
1341 1234 1517 1276 animus
1535 1235 1605 1277 his
1625 1235 1762 1293 signi-

279 1301 561 1343 ficationibus
609 1302 864 1353 recalefieri,
907 1318 956 1344 ac
1002 1302 1279 1344 internorum
1314 1306 1642 1345 tormentorum
1675 1303 1762 1346 ade

279 1369 529 1427 profectum
562 1370 739 1411 assidue
765 1385 845 1427 pro
876 1370 1034 1411 marito
1064 1371 1290 1427 quondam
1322 1386 1400 1412 suo
1426 1371 1760 1414 intercessionis

279 1438 561 1494 portentione
586 1438 809 1480 succendi.
1590 1448 1593 1450 ’

338 1506 466 1549 Unde
492 1506 609 1548 inter
631 1511 803 1559 caetera,
825 1507 1017 1564 quadarn
1045 1510 1174 1548 nocte
1199 1507 1432 1549 Dominica
1441 1512 1564 1564 ,post
1581 1486 1760 1550 matuti-

280 1589 376 1627 nOS,
391 1574 588 1616 aestatisf
604 1579 820 1632 tempore,
834 1590 936 1616 cum
955 1574 1153 1616 membra
1180 1590 1361 1617 scamno
1380 1575 1582 1617 cubitum
1599 1591 1760 1633 angus-

279 1609 453 1684 tissimo
493 1643 780 1694 contulisset,
826 1658 931 1684 mox
970 1642 1015 1684 in
1057 1658 1213 1684 somno
1252 1643 1386 1700 coepit
1421 1643 1638 1700 deprimi;
1681 1660 1761 1686 sua

278 1710 418 1767 ipsius
442 1710 590 1752 anima
629 1711 682 1752 de
715 1726 897 1768 corpore
931 1710 1203 1752 sensibiliter
1235 1710 1320 1752 sibi
1354 1711 1450 1753 visa
1489 1716 1557 1753 est
1590 1712 1755 1768 egredi.

277 1777 480 1836 Cumque
507 1779 647 1820 veluti
674 1795 751 1836 per
777 1779 1038 1837 quandam9
1058 1779 1281 1836 porticum
1301 1778 1551 1833 duceretur,
1576 1779 1762 1822 tandem

275 1845 378 1887 inde
396 1861 628 1903 emergens
651 1847 706 1888 ad
724 1863 799 1888 ora
824 1847 1057 1904 cujusdam
1080 1846 1201 1904 putei
1223 1851 1416 1904 coeperat
1440 1847 1756 1905 propinquare.

278 1913 362 1956 Cui
377 1929 479 1956 cum
499 1920 617 1957 esset
639 1914 750 1956 facta
768 1915 994 1971 contigua,
1013 1930 1112 1957 ecce
1134 1915 1188 1956 de
1209 1914 1350 1956 foveae
1372 1915 1495 1957 illius
1514 1916 1727 1971 voragine
1741 1916 1761 1943 ἢ

275 1982 433 2024 larvali
459 1977 606 2039 specie
633 1982 837 2024 homines
858 1982 1112 2040 prosiliunt,
1145 1998 1335 2040 quorum
1363 1982 1599 2026 videbatur
1624 1983 1756 2026 tineis

275 2065 405 2092 exesa
426 2051 644 2103 caesaries,
683 2051 1010 2093 eam·volentes
1045 2050 1252 2092 manibus
1290 2051 1525 2108 corripere,
1562 2054 1606 2093 et
1639 2051 1756 2094 intro

274 2119 546 2175 protrahere.
579 2119 634 2161 Et
657 2134 758 2161 ecce
782 2135 869 2160 vox
893 2135 917 2161 a
944 2123 1069 2176 tergo
1102 2118 1296 2160 foeminae
1325 2119 1607 2177 trepidantis,
1630 2123 1674 2162 et
1699 2119 1756 2179 ad

274 2202 428 2228 eorum
462 2187 691 2229 incursum
718 2186 1032 2229 miserabiliter
1063 2186 1311 2240 aestuantis,
1344 2187 1492 2245 erupit
1521 2187 1576 2229 ad
1608 2187 1713 2229 illos
1742 2201 1752 2232 ε

275 2255 487 2306 «Nolite,
522 2255 683 2313 inquit,
724 2270 823 2297 eam
850 2260 1048 2311 tangere.
1082 2273 1102 2295 »
1139 2254 1225 2307 Qui
1248 2270 1358 2297 voce
1385 2255 1579 2297 vetantis
1612 2255 1759 2298 adacti

273 2323 528 2365 resilierunt
551 2323 596 2364 in
624 2327 821 2380 puteum.
859 2322 975 2365 Cum
997 2327 1165 2376 autem,
1191 2323 1311 2380 quod
1337 2338 1408 2365 me
1441 2322 1756 2380 praeterierati,

272 2406 351 2447 per
374 2391 596 2447 porticum
633 2391 907 2448 procederet,
944 2392 1027 2433 hoc
1064 2391 1211 2433 solum
1245 2390 1425 2447 petebat
1451 2406 1475 2433 a
1507 2392 1618 2444 Deo,
1656 2406 1758 2433 cum

270 2459 416 2500 exisse
444 2459 670 2500 hominem
693 2473 738 2501 se
760 2459 962 2510 sentiret,
992 2464 1043 2501 ut
1070 2459 1126 2501 ad
1154 2461 1314 2515 corpus
1347 2458 1433 2500 sibi
1470 2458 1612 2501 redire
1647 2458 1756 2501 lice—

269 2530 351 2569 ret.
392 2528 458 2569 De
494 2526 616 2584 putei
659 2527 797 2584 igitur
835 2527 1163 2569 habitatoribus
1214 2527 1415 2580 liberata,
1461 2542 1562 2568 cum
1601 2531 1754 2569 contra

270 2595 518 2652 marginem
544 2594 684 2652 ipsius
708 2595 1004 2644 constitisset,
1036 2599 1217 2652 repente
1249 2599 1422 2652 patrem
1448 2610 1612 2640 meum.
1636 2594 1681 2636 in
1703 2609 1753 2636 ea

310 2699 632 2741 &patientissimis
653 2700 696 2732 D
713 2718 751 2723 --
769 2700 802 2731 b
819 2710 889 2742 que
872 2701 948 2740 ‹gD
966 2719 1002 2724 —
1021 2711 1049 2733 c.
1062 2701 1378 2747 eleemosynarum
1396 2700 1530 2732 D..——d
1550 2699 1641 2740 bone,
1659 2699 1702 2731 D.
1713 2718 1753 2724 —-

269 2751 297 2772 e.
314 2741 413 2773 Cori
431 2742 475 2772 dc
496 2742 539 2773 D.
558 2752 598 2772 ac
617 2742 778 2782 souligne
799 2742 837 2773 B
854 2760 894 2764 —-
911 2741 938 2781 f.
961 2741 1143 2782 cstatisD.
1161 2760 1197 2765 —
1219 2752 1255 2784 9.
1274 2741 1525 2783 quamdamD.
1542 2759 1582 2765 —
1602 2741 1636 2773 h.
1650 2741 1750 2773 Corr.

268 2783 312 2814 de
333 2783 359 2812 B
378 2783 427 2823 (et
439 2783 482 2824 D)
499 2782 648 2824 orayine
664 2783 706 2814 X.
728 2801 769 2806 —-
787 2782 808 2814 ι’
830 2783 1049 2824 preter-ierat
1067 2783 1112 2815 D.
