1930 3224
282 227 364 270 140
699 243 799 271 VEN.
835 242 1025 271 GUfflERTl
1058 243 1166 272 vim:
1196 244 1316 272 LIBER
1348 245 1393 272 ιιι

278 339 437 393 literis,
462 356 532 382 me
559 356 752 399 quoque,
779 341 856 398 qui
879 340 1030 398 junior
1059 346 1104 384 et
1129 341 1313 383 scientia
1343 347 1388 385 et
1416 347 1546 385 aetate
1573 342 1761 398 fueram,

279 408 395 451 datis
441 409 667 466 expensis,
716 424 868 451 secum
910 409 1076 466 pariter
1110 410 1328 452 conscivit
1364 411 1521 452 ituros.
1558 411 1764 454 Proficis-

277 481 432 518 centes
471 477 608 533 igitur
628 481 671 519 et
698 477 926 533 Lingonas
958 477 1249 534 attingentes,
1278 478 1434 521 auditu
1465 479 1765 538 comperimus

279 543 511 586 dominum
540 545 802 586 Paschalem
830 560 992 602 papam
1014 545 1042 597 1,
1065 545 1332 602 jamdudum
1371 546 1426 588 ab
1452 546 1561 589 urbe
1591 546 1765 604 digres-

274 627 396 664 sum,
420 612 543 654 illius
571 612 801 654 dioceseos
818 620 835 638 ἃ
868 612 1031 655 finibus
1069 613 1384 672 propinquare.
1419 614 1468 656 In
1496 614 1660 673 oppido
1685 614 1764 657 illo

280 679 438 721 diebus
462 685 562 722 octo
586 680 858 722 desedimus.

343 746 549 805 Cumque
577 748 815 790 Divionem
843 748 1053 790 dominus
1078 764 1191 806 papa
1219 749 1432 803 venisset,
1469 750 1619 793 clerici
1646 750 1763 794 Lau-

283 815 522 870 dunenses,
551 831 742 873 quorum
766 816 1007 874 plurimam
1027 817 1207 859 turbam
1238 817 1449 875 praefatus
1471 833 1623 861 secum
1648 818 1764 861 elec-

281 888 355 925 tus
375 883 638 936 adduxerat,
669 884 847 926 obviam
879 900 1005 942 papae
1042 885 1227 938 vadunt,
1258 886 1329 927 cui
1363 886 1408 928 in
1436 886 1592 929 eodem
1618 890 1763 929 castro

284 951 529 994 constituto
556 952 611 994 de
638 952 767 994 electi
792 953 861 994 sui
892 968 1026 994 causa
1045 952 1303 1010 loquuntur.
1334 954 1535 1012 Spondet
1560 969 1606 997 se
1629 969 1760 1012 papa,

283 1024 440 1076 utpote
464 1019 621 1062 multis
644 1020 940 1062 referentibus
975 1020 1069 1078 jam
1095 1021 1158 1062 rei
1187 1037 1369 1079 gnarus,
1412 1038 1492 1079 pro
1511 1022 1763 1080 petentium

282 1091 389 1129 voto
410 1092 569 1130 cuncta
595 1087 831 1132 facturum.
856 1088 1003 1131 Causa
1023 1094 1171 1131 autem
1196 1094 1306 1143 erat,
1333 1090 1434 1147 quia
1452 1090 1566 1132 infra
1586 1090 1764 1133 ordines

282 1160 378 1198 erat
400 1155 584 1208 electus,
616 1157 815 1214 exceptis
836 1156 936 1198 aliis
957 1157 1194 1214 capitulis;
1225 1157 1387 1214 quibus
1413 1158 1468 1200 ad
1489 1173 1618 1200 aures
1637 1173 1764 1217 papae

284 1239 307 1266 a
342 1224 527 1281 praefato
568 1225 758 1266 Ansello
795 1224 939 1267 fuerat
972 1224 1067 1281 jam
1091 1231 1289 1268 notatus.
1316 1226 1380 1268 At
1399 1226 1586 1283 palatini
1615 1241 1758 1284 papae,

281 1292 493 1334 videlicet
513 1293 770 1346 necessarii,
804 1298 1029 1351 comperta
1059 1293 1255 1335 hominis
1278 1294 1520 1351 opulentia,
1551 1298 1763 1352 aggratu-

281 1360 379 1412 lari,
422 1360 580 1417 juvare
596 1360 634 1414 Ι),
660 1361 807 1403 virum
848 1361 959 1403 ferre
1003 1362 1212 1404 laudibus
1236 1376 1244 1406 :
1276 1362 1412 1404 moris
1436 1362 1555 1404 enim
1581 1371 1663 1415 est,
1691 1367 1758 1414 ut,

284 1428 436 1470 audito
451 1428 547 1470 auri
562 1429 758 1481 nomine,
776 1435 1106 1472 mansuescant.
1591 1421 1595 1427 ’

344 1496 464 1538 Intra
492 1496 650 1538 urbem
683 1497 833 1555 itaque
880 1513 994 1554 papa
1034 1502 1270 1555 susceptus
1306 1497 1588 1555 Lingoniam‚
1630 1513 1764 1556 super

280 1564 498 1606 electione
519 1569 671 1607 nostra
692 1564 851 1607 habuit
872 1565 1086 1622 postridie
1125 1562 1380 1608 tractatum.
1416 1560 1619 1623 Cumque
1649 1566 1762 1608 elec-

278 1631 414 1674 tionis
452 1631 659 1674 libellum
688 1648 838 1674 coram
864 1633 962 1690 ipso
997 1633 1225 1689 legissem,
1261 1633 1307 1675 in
1339 1649 1426 1690 quo
1458 1633 1551 1676 vita
1591 1633 1687 1690 ejus
1718 1638 1763 1675 et

282 1715 429 1741 mores
450 1700 558 1742 satis
586 1716 806 1757 superque
834 1700 1104 1753 ferebantur,
1129 1701 1366 1743 abbatibus
1399 1701 1530 1743 nobis
1562 1701 1638 1758 qui
1658 1701 1764 1743 ade-

276 1782 447 1821 ramus,
475 1773 519 1810 et
538 1768 815 1825 presbyteris
841 1768 1111 1826 quibusdam
1135 1769 1348 1822 ecclesiae,
1375 1769 1450 1826 qui
1485 1784 1588 1812 cum
1621 1769 1762 1811 electo

278 1840 511 1889 venerant,
553 1851 664 1892 papa
711 1836 880 1889 accitis,
927 1837 1063 1894 coepit
1095 1837 1152 1878 ad
1189 1852 1270 1878 nos
1313 1836 1583 1891 concionari,
1624 1841 1763 1879 mate-

278 1902 389 1945 riam
414 1903 467 1945 de
483 1903 716 1946 electionis
743 1904 932 1946 lectione
954 1919 1109 1947 recens
1123 1905 1212 1947 lata
1228 1912 1244 1931 ⁰
1267 1919 1466 1948 sumens,
1482 1905 1590 1947 Erat
1612 1908 1762 1947 autem

314 2024 345 2046 a.
365 2014 553 2046 dioeceseos
571 2016 613 2047 D.
633 2033 673 2038 -—
697 2016 730 2047 b.
750 2026 903 2056 marique
925 2016 968 2047 D.
985 2034 1023 2038 —
1044 2026 1072 2047 c.
1094 2017 1183 2047 tecta
1208 2015 1451 2047 interlineaire
1469 2015 1625 2057 propos&
1648 2025 1713 2056 par
1734 2016 1761 2046 B

274 2065 413 2087 comme
431 2057 645 2089 correction.

273 2190 353 2217 1083
368 2197 432 2227 par
448 2187 618 2217 Anselme
636 2187 681 2221 11.
698 2190 815 2219 comte
833 2189 876 2219 de
889 2188 1083 2219 Ribemont
1101 2188 1206 2227 (Gall.
1231 2187 1378 2227 Christ„
1398 2189 1422 2218 t.
1443 2187 1502 2226 IX,
1522 2187 1588 2218 col.
1607 2188 1760 2226 614-615‚

273 2230 309 2258 et
326 2230 351 2260 t.
371 2228 413 2266 X,
433 2228 499 2259 col.
520 2231 579 2258 189
597 2229 659 2259 des
676 2229 870 2267 Instrum.;
889 2229 1068 2269 Dachery,
1101 2229 1211 2263 Notae,
1231 2239 1265 2269 p.
1284 2229 1368 2269 645).
1394 2227 1524 2259 L'abbe
1541 2228 1602 2268 qui
1619 2237 1748 2259 accomv

273 2279 390 2309 pagna
410 2269 559 2308 Gaudri,
581 2280 668 2300 avec
686 2270 892 2301 Adalberon
912 2274 947 2302 et
968 2270 1133 2303 Guibert.
1152 2270 1339 2310 s'appelait
1356 2270 1532 2300 Mainard.
1549 2269 1603 2300 On
1627 2278 1671 2299 ne
1691 2269 1762 2300 sait

272 2311 348 2341 rien
369 2321 431 2340 sur
443 2310 494 2340 lui
513 2311 617 2351 passe
639 2314 712 2342 1107
729 2322 736 2350 ς
755 2312 779 2342 il
796 2313 912 2352 parait
930 2312 1031 2342 avoir
1050 2311 1217 2351 abdique,
1234 2321 1295 2342 car
1314 2321 1360 2342 on
1381 2311 1527 2342 connait
1545 2319 1614 2341 une
1637 2310 1760 2341 charte

272 2351 315 2382 de
335 2354 414 2382 1143
429 2352 473 2382 οὺ
490 2352 513 2382 il
529 2362 547 2382 a
562 2353 669 2391 garde
686 2363 750 2383 son
769 2353 853 2383 titre
872 2352 1012 2390 (sabbe,
1032 2353 1126 2383 alors
1142 2363 1209 2392 que
1227 2352 1390 2393 l'abbaye
1404 2353 1448 2382 de
1463 2351 1659 2382 Ribemont
1672 2351 1761 2382 etait

271 2393 351 2432 deja
369 2393 600 2423 administrae
616 2404 679 2433 par
693 2393 895 2425 Guillaume
916 2393 1074 2432 1²¹·(Gall.
1096 2393 1242 2430 Christ..
1262 2396 1286 2425 t.
1304 2393 1362 2432 lx,
1384 2394 1451 2425 col.
1467 2393 1634 2433 617-618).

314 2437 342 2466 1.
369 2434 491 2464 Pascal
509 2434 551 2471 11,
575 2438 761 2466 1099-1118.
785 2435 853 2466 Sur
881 2445 920 2465 ce
939 2445 984 2466 vo
1014 2445 1076 2475 age
1101 2436 1143 2466 de
1172 2435 1295 2465 Pascal
1314 2434 1358 2472 11,
1383 2434 1415 2465 le
1442 2434 1695 2465 continuateur
1710 2433 1756 2463 du

270 2475 379 2506 Liber
393 2475 618 2516 Pontificalis
635 2478 691 2507 est
708 2477 970 2507 extremement
1013 2476 1068 2507 res
1084 2475 1152 2516 (ed.
1177 2476 1213 2508 L.
1235 2476 1437 2512 Duchesne,
1459 2477 1483 2507 t.
1505 2474 1548 2513 11,
1565 2477 1656 2512 1892,
1674 2475 1758 2512 in-4‚

270 2526 303 2556 p.
327 2518 411 2557 209).
436 2517 487 2547 En
514 2517 702 2555 revanche,
726 2517 878 2548 Guibert
906 2527 949 2547 ne
973 2518 1025 2548 dit
1046 2518 1121 2547 rien
1150 2518 1197 2547 du
1218 2517 1354 2547 concile
1375 2517 1418 2547 de
1443 2516 1591 2556 Troyes,
1616 2516 1676 2556 qui
1697 2517 1759 2546 eut

269 2557 341 2587 lieu
368 2558 528 2597 pendant
551 2568 590 2588 ce
618 2568 755 2599 voyage
777 2559 828 2595 <23
851 2559 920 2589 mai
950 2559 1041 2598 1107>
1063 2560 1098 2590 et
1125 2568 1185 2588 sur
1207 2558 1323 2598 lequel
1344 2567 1390 2587 on
1413 2567 1432 2588 a
1455 2558 1519 2587 des
1543 2557 1758 2588 documents

271 2599 412 2636 (Mansi,
442 2599 577 2630 Concil.
600 2599 769 2639 Ampliss.
797 2599 902 2636 Cast,
935 2601 959 2631 t.
988 2600 1065 2637 XX,
1093 2599 1160 2630 col.
1193 2599 1402 2638 1223-1224).
1428 2598 1541 2637 Suger
1563 2607 1654 2629 nous
1678 2607 1758 2628 ren-

271 2639 390 2678 seigne
408 2640 503 2670 aussi
524 2650 586 2670 sur
602 2650 641 2671 ce
665 2651 802 2681 voyage
821 2641 899 2679 (Vie
924 2641 966 2671 de
983 2640 1091 2671 Louis
1114 2640 1144 2671 le
1170 2640 1270 2678 Gros,
1290 2640 1345 2670 ed.
1372 2639 1551 2677 Molinier,
1605 2663 1611 2670 .
1634 2640 1730 2669 24-28
1748 2647 1756 2676 ;

271 2681 327 2712 ed.
349 2681 466 2721 Lecoy
486 2682 529 2711 de
556 2682 589 2712 la
606 2681 762 2720 Marche,
790 2682 898 2712 Notes
916 2683 949 2712 et
966 2681 1172 2720 dclairciss„
1199 2692 1233 2722 p.
1252 2681 1415 2721 431-432).
1440 2681 1563 2711 Pascal
1601 2680 1614 2710 1
1634 2680 1757 2710 venait

272 2732 314 2752 en
335 2722 469 2752 Franco
493 2732 587 2762 pour
610 2723 742 2754 s'allier
764 2733 808 2753 au
834 2724 886 2753 roi
907 2723 950 2754 de
980 2723 1112 2754 France
1136 2725 1260 2753 contre
1284 2721 1494 2762 l’empereur
1510 2721 1756 2761 d'Allemagne

271 2763 361 2793 dans
379 2764 410 2794 la
425 2764 580 2804 querclle
595 2765 657 2800 des
680 2764 915 2795 Investitures
934 2764 986 2804 (B.
1005 2764 1150 2803 Monod,
1172 2764 1215 2794 Le
1234 2763 1351 2795 moine
1370 2762 1533 2802 Guihert,
1555 2773 1590 2803 p.
1608 2763 1693 2803 116).
