1930 3224
292 222 377 265 236
942 239 1166 268 APPENDlCE
1199 241 1209 267 1

290 337 596 381 transtulerat.
635 338 733 395 Ipse
755 338 845 380 dux
863 343 907 380 et
933 338 1135 380 incentor
1155 338 1270 380 tanti
1309 338 1514 380 facinoris
1534 354 1647 386 ,cum
1672 338 1770 381 aliis

290 404 534 461 conjuratis
558 421 582 447 a
608 405 678 447 die
710 406 828 448 Cene
861 405 1098 460 dominice,
1135 421 1221 463 qua
1250 406 1503 448 communia
1530 406 1612 449 fuit
1640 406 1771 448 dissi-

291 478 410 530 pata.
434 488 512 530 per
538 473 682 514 leem
717 489 865 516 sacros
889 474 984 515 dies
1007 474 1243 516 continuos
1265 490 1376 532 opus
1400 474 1616 517 nefarium
1642 474 1770 532 perfi-

289 556 386 583 cere
411 541 657 597 satagebat.
686 541 810 583 Feria
847 541 983 598 igitur
1014 542 1166 599 quinta
1200 543 1403 600 sequenti
1433 558 1659 585 sacrorum
1681 542 1771 585 die-

291 625 390 651 rum
417 609 711 666 paschalium,
736 615 838 666 post
861 610 1128 651 meridianas
1149 610 1281 652 horas
1305 611 1606 668 oportunitate
1623 615 1768 664 nacta,

290 692 370 734 per
393 677 586 718 mediam
614 677 771 719 urbem
807 677 1027 720 tumultus
1062 678 1281 735 increpuit
1310 678 1611 720 communiam
1633 678 1772 720 incla-

290 745 565 787 mancium97.
602 744 617 804 Η
659 746 780 787 Tunc
814 761 891 803 per
913 746 1106 788 mediam
1147 746 1274 788 beate
1309 747 1507 803 Virginis
1539 746 1772 789 ecclesiam

290 828 391 855 cum
407 812 608 865 ensibus,
636 812 920 870 bipennibus,
950 814 1141 856 arcubus
1157 830 1206 856 ac
1228 815 1472 870 securibus,
1501 814 1652 857 clavas
1675 814 1772 856 lan-

290 896 478 938 ceasque
503 880 711 935 ferentes,
730 897 832 923 cum
859 882 1053 924 maximo
1080 883 1256 939 agmine
1277 883 1446 924 curiam
1471 882 1773 940 pontificalem

289 949 515 990 intravere
537 949 797 1005 burgenses,
820 949 917 1001 Quo
938 957 1181 1007 comperto,
1201 966 1405 1007 proceres
1424 951 1480 993 ad
1495 951 1770 1008 episcopum,

291 1017 361 1058 cui
389 1017 642 1073 presidium*
656 1033 788 1074 super
809 1020 890 1060 hoc
915 1018 1112 1071 incursu,
1141 1019 1177 1060 si
1194 1020 1488 1075 contingeret,
1512 1019 1774 1076 juraverant

292 1100 338 1126 se
366 1085 551 1138 laturos,
581 1086 893 1143 undecumque
916 1092 1199 1129 concurrunt.
1228 1086 1278 1128 In
1305 1103 1392 1144 quo
1419 1102 1639 1129 concursu
1662 1086 1772 1129 Gui-

291 1168 500 1195 nemarus
515 1154 803 1206 castellanus,
828 1154 896 1195 vir
912 1154 1074 1196 nobilis
1093 1160 1136 1197 et
1153 1155 1449 1212 pulcherrime
1478 1154 1770 1210 habitudinis,

291 1221 437 1267 senior
452 1226 495 1263 et
510 1221 708 1263 moribus
729 1222 959 1275 innocens,
980 1234 1081 1264 cum
1095 1239 1173 1280 per
1196 1223 1427 1265 ecclesiam
1443 1223 1585 1280 clipeo
1597 1227 1774 1265 tantum

294 1289 494 1331 munitus
513 1295 557 1331 et
574 1290 698 1332 hasta
726 1296 1019 1347 procurreret,
1041 1307 1144 1332 mox
1157 1296 1208 1333 ut
1225 1292 1388 1333 atrium
1410 1291 1601 1348 presulis
1618 1289 1774 1333 introi-

290 1357 373 1411 vit,
401 1373 424 1398 a
458 1358 653 1414 quodam
675 1359 949 1411 RaimbertO,
980 1360 1056 1416 qui
1080 1364 1309 1417 compater
1331 1359 1428 1416 ejus
1451 1364 1560 1413 erat,
1591 1358 1775 1419 bipenni

290 1425 335 1466 in
368 1426 574 1482 occipitio
609 1441 848 1483 percussus
877 1428 1048 1484 primus
1076 1427 1296 1471 occubuit.
1334 1428 1427 1469 Nec
1456 1442 1595 1478 mora,
1616 1427 1774 1469 Raine-

291 1509 365 1535 rus
410 1494 591 1551 quidam
632 1494 811 1548 nobilis,
861 1511 964 1537 cum
1014 1495 1278 1537 acceleraret
1326 1495 1499 1551 ingredi
1538 1494 1771 1553 palatium,

289 1562 441 1603 lancea
463 1562 618 1604 feritur
637 1578 661 1604 a
680 1567 822 1619 terg0,
841 1563 1053 1619 gradibus
1073 1563 1240 1621 capelle
1256 1564 1403 1605 nitens
1421 1578 1606 1620 eamque
1628 1563 1776 1605 subire

295 1630 464 1682 volens,
490 1630 640 1687 ibique
659 1631 968 1688 prosternitur,
1007 1636 1052 1673 et
1077 1631 1209 1688 paulo
1242 1636 1345 1688 post
1370 1630 1425 1673 ab
1455 1631 1637 1688 inguine
1663 1630 1774 1673 infe-

292 1699 382 1739 rius
421 1714 475 1740 ex
504 1699 606 1754 igne
634 1699 786 1756 palatii
824 1704 1148 1742 concrematur.
1185 1700 1285 1741 Ado
1313 1699 1617 1741 vicedominus
1641 1698 1776 1741 armis

291 1782 405 1818 acer,
437 1767 579 1808 acrior
613 1767 777 1819 animo,
817 1782 918 1808 cum
955 1768 1010 1810 ad
1049 1767 1246 1824 episcopi
1276 1768 1460 1809 domum
1494 1767 1683 1809 tendens
1721 1766 1775 1809 ab

292 1835 501 1876 universo
529 1835 818 1892 impeteretur
838 1851 993 1887 cuneo,
1016 1836 1145 1877 hasta
1175 1841 1218 1878 et
1240 1835 1389 1892 gladio
1416 1840 1646 1893 tantopere
1681 1849 1775 1876 res-

292 1903 398 1955 titit,
425 1907 476 1945 ut
495 1907 585 1945 tres
606 1903 660 1945 de
681 1903 994 1945 insistentibus
1015 1903 1099 1945 sibi
1125 1904 1170 1945 in
1198 1908 1424 1945 momento
1457 1907 1772 1960 prosterneret.

295 1965 466 2013 Deinde
493 1972 720 2028 pransoria
747 1972 847 2013 aule
868 1987 1126 2023 conscensa,
1151 1987 1252 2013 cum
1272 1977 1420 2028 preter
1452 1976 1597 2013 cetera
1622 1986 1776 2028 corpo-

293 2039 351 2080 ris
391 2039 459 2080 sui
495 2039 697 2091 vulnera,
739 2039 832 2096 jam
863 2040 903 2081 ei
930 2040 1076 2081 saucia
1115 2039 1414 2081 reddidissent
1459 2054 1621 2096 genua,
1667 2038 1776 2096 ipsis

292 2107 472 2148 demum
494 2107 683 2164 genibus
713 2108 991 2162 incumbens,
1023 2107 1194 2149 tamdiu
1230 2107 1332 2149 hinc
1368 2107 1471 2148 inde
1498 2106 1772 2159 confodiens,

292 2175 549 2217 obsidentes
581 2176 898 2232 propugnavit,
940 2175 1079 2217 donec
1130 2175 1367 2232 fatigatum
1402 2174 1583 2232 quidam
1615 2189 1776 2231 corpus

292 2244 380 2285 telo
428 2243 619 2300 trajecit,
655 2259 787 2300 quem
838 2248 942 2300 post
978 2243 1211 2300 paululum
1245 2242 1501 2285 earumdem
1541 2243 1776 2284 domorum

291 2311 408 2368 ignis
431 2327 572 2368 usque
597 2312 652 2353 ad
686 2316 908 2353 extremos
936 2312 1104 2353 cineres
1125 2311 1309 2367 redegit.
1349 2311 1484 2352 Porro
1517 2310 1775 2367 episcopum

291 2380 490 2420 insolens
518 2380 681 2435 vulgus
707 2380 979 2436 aggreditur,
1017 2395 1119 2421 cum
1154 2384 1305 2421 autem
1345 2394 1424 2436 pro
1451 2377 1656 2420 menibus
1675 2378 1775 2419 aule

292 2452 661 2504 prostreperetur,
686 2448 922 2505 episcopus
943 2463 1044 2489 cum
1068 2447 1337 2504 quibusdam
1366 2446 1442 2504 qui
1468 2446 1553 2487 sibi
1585 2445 1775 2502 opitula-

293 2515 471 2568 bantur,
516 2516 717 2572 lapidum
756 2515 967 2571 jactibuS‚
1008 2515 1363 2571 sagittarumque
1407 2513 1583 2566 ictibus,
1629 2513 1775 2570 quoad

292 2583 454 2640 potuit,
474 2584 756 2641 repugnavit.
788 2583 875 2625 Sed
895 2599 996 2624 cum
1015 2583 1253 2625 acerrimos
1275 2582 1415 2640 plebis
1447 2581 1644 2623 insultus
1661 2581 1774 2623 tole-

292 2667 389 2695 rare
420 2652 613 2709 amplius
645 2667 733 2693 non
773 2651 956 2703 valeret,
993 2655 1170 2707 sumpta
1199 2650 1431 2708 cujusdam
1470 2649 1678 2706 mancipii
1707 2649 1775 2690 sui

292 2727 432 2773 veste,
459 2721 503 2761 in
527 2720 758 2762 cellarium
779 2719 963 2761 ecclesie
987 2718 1266 2774 confugiens,
1294 2718 1408 2759 intra
1435 2732 1620 2774 parvam
1645 2721 1774 2758 tonu-

294 2787 385 2830 lam
410 2804 456 2830 se
477 2788 691 2840 condidit,
711 2792 754 2829 et
781 2803 806 2828 a
829 2787 949 2828 fideli
968 2786 1161 2843 quodam
1177 2785 1388 2828 clientulo
1409 2785 1553 2826 fronte
1569 2784 1773 2826 obstrusa
