1930 3224
289 254 343 297 12
691 269 791 300 VEN.
826 268 1021 300 amusan
1051 270 1158 300 vim
1189 270 1310 299 mBER
1341 271 1356 299 1

850 502 1078 560 [CAPUT
1126 504 1212 556 lv]

344 649 486 692 Natus
509 650 647 706 igitur
680 650 757 692 vix
792 650 1036 693 didiceram
1068 651 1216 693 fovere
1240 651 1480 708 crepundia
1499 651 1529 703 ¹,
1565 666 1667 694 cum
1701 654 1766 705 tu,

280 718 351 775 pie
399 718 605 771 Domine,
638 718 715 775 qui
749 722 874 775 pater
906 719 1015 760 mihi
1051 718 1227 761 futurus
1262 735 1374 772 eras,
1414 719 1663 777 orphanum
1698 734 1769 761 me

279 785 439 828 fecisti.
479 786 677 828 Exausto
695 787 815 828 enim
841 792 940 829 octo
973 787 1063 829 fere
1084 788 1306 829 mensium
1327 787 1487 845 spatio,
1513 792 1639 844 pater
1657 801 1769 830 meae

279 853 424 895 carnis
454 853 695 897 occubuit:
742 859 785 896 et
826 870 1013 912 magnas
1046 855 1149 897 inde
1194 855 1276 897 tibi
1314 855 1497 911 gratias,
1536 854 1613 913 qui
1649 855 1768 897 hunc

279 921 507 963 hominem
531 921 613 964 sub
637 922 880 964 christiano
901 923 1063 965 affectu
1089 923 1233 965 fecisti
1266 923 1496 976 decedere,
1531 922 1769 980 providen-

277 989 351 1031 tiae
371 995 474 1041 tuae,
502 1005 637 1047 quam
659 990 712 1032 de
737 1006 807 1032 me
828 991 1062 1044 habueras,
1093 991 1131 1033 si
1154 991 1400 1044 adviveret,
1434 990 1616 1032 indubie
1647 990 1768 1033 noci-

277 1062 444 1099 turum.
472 1058 584 1110 Quia
619 1074 812 1116 namque
845 1058 1036 1101 formula
1051 1059 1098 1087 ³2
1118 1075 1231 1112 mea,
1256 1063 1301 1101 et
1320 1058 1537 1101 naturalis
1561 1058 1768 1116 quaedam

275 1141 356 1182 pro
377 1126 570 1168 aetatulae
605 1126 727 1168 illius
753 1127 1003 1184 quantitate
1030 1127 1236 1169 alacritas
1266 1127 1424 1169 idonea
1452 1126 1554 1168 huic
1576 1126 1727 1168 seculo
1746 1125 1768 1153 ¹²

275 1193 527 1246 videbatur,
554 1194 668 1236 nulli
688 1194 874 1236 dubium
895 1201 1004 1247 erat,
1038 1186 1162 1252 quin,
1200 1210 1301 1237 cum
1330 1195 1478 1237 ,literis
1518 1194 1769 1237 ediscendis

277 1261 424 1304 habile
443 1267 620 1319 tempus
645 1262 837 1315 adesset,
855 1278 906 1305 ea
930 1279 1028 1321 quae
1044 1263 1098 1305 de
1113 1279 1183 1305 me
1201 1263 1366 1305 fecerat
1379 1267 1484 1305 vota
1506 1262 1764 1306 resolveret.

278 1331 399 1374 Bone
425 1331 643 1388 provisor,
682 1331 907 1388 utrimque
940 1331 1179 1374 salubriter
1208 1331 1484 1389 disposuisti,
1520 1335 1572 1373 ut
1606 1335 1651 1374 et
1683 1346 1766 1388 ego

274 1413 557 1456 nequaquam
589 1403 767 1441 tuarum
798 1399 1135 1456 disciplinarum
1180 1399 1435 1441 rudimento
1472 1414 1684 1452 carerem,
1722 1403 1766 1442 et

272 1466 348 1508 ille
372 1482 508 1524 quam
525 1466 606 1509 tibi
633 1466 796 1509 fecerat
815 1483 905 1509 non
931 1467 1198 1525 irrumperet
1219 1467 1522 1524 sponsionem.

331 1535 511 1591 Magnis
537 1535 686 1592 itaque
708 1535 917 1577 curisilla
940 1540 1016 1577 tua
1033 1551 1136 1577 vere
1158 1535 1293 1577 vidua
1317 1550 1388 1577 me
1413 1534 1616 1578 nutrivit.
1647 1535 1764 1577 Tan-

274 1602 375 1644 dem
417 1603 581 1645 scholae
622 1619 692 1645 me
716 1603 933 1645 traditura
962 1603 1080 1645 diem
1110 1604 1227 1646 beati
1248 1603 1451 1661 Gregorii
1471 1602 1730 1645 festivitatis
1749 1603 1766 1631 3

272 1670 423 1728 elegit.
451 1670 669 1713 Audierat
699 1670 935 1728 praefatum
957 1676 1085 1713 tuum
1118 1671 1352 1724 famulum,
1394 1670 1600 1724 Domine,
1632 1670 1764 1713 mira-

274 1739 352 1780 bili
370 1739 741 1796 superemicuisse
760 1755 909 1788 sensu,
932 1740 1104 1781 infinita
1125 1739 1329 1781 floruisse
1346 1755 1389 1781 sa
1398 1739 1578 1796 pientia,
1601 1742 1647 1781 et
1664 1738 1764 1781 ideo

273 1807 414 1849 multa
459 1807 847 1864 eleemosynarum
889 1808 1095 1864 congerie
1140 1807 1408 1850 confessoris
1451 1807 1532 1865 tui,
1566 1806 1764 1849 instabat

275 1875 439 1932 saepius
470 1875 710 1917 sollicitare
749 1875 975 1932 suffragia,
1007 1881 1055 1918 ut
1088 1876 1157 1918 cui
1182 1875 1435 1932 praebueras
1462 1873 1759 1927 intellectum,

271 1943 674 1985 intellectualitatis
724 1943 835 1984 mihi
870 1944 1196 2000 consequendae
1241 1943 1502 2000 impetraret
1533 1941 1758 1985 affectum.

272 2011 481 2053 Traditus
520 2027 625 2067 ergo
658 2011 800 2053 literis
833 2011 983 2069 apices
1030 2017 1259 2068 utcunque
1292 2011 1544 2068 attigeram,
1575 2009 1654 2052 sed
1686 2009 1763 2051 vix

275 2079 495 2120 elementa
528 2084 791 2121 connectere
822 2095 992 2130 noram,
1026 2095 1127 2121 cum
1157 2079 1229 2136 pia
1263 2095 1332 2121 me
1359 2083 1502 2121 mater
1533 2077 1763 2120 erudiendi

273 2147 403 2188 avida
425 2147 647 2204 disposuit
668 2147 922 2204 mancipare
956 2147 1263 2203 grammatico.

334 2215 442 2257 Erat
470 2215 604 2272 paulo
635 2221 738 2257 ante
775 2215 821 2257 id
853 2215 1083 2272 temporis,
1108 2220 1153 2256 et
1173 2215 1318 2256 adhuc
1354 2214 1516 2272 partim
1546 2213 1629 2255 sub
1660 2228 1761 2255 meo

273 2287 473 2340 tempore
489 2288 614 2325 tanta
629 2283 1025 2339 grammaticorum
1038 2283 1248 2335 charitas,
1273 2287 1323 2324 ut
1337 2283 1382 2323 in
1398 2281 1573 2339 oppidis
1595 2296 1732 2339 prope
1746 2288 1763 2308 ⁰

273 2350 441 2404 nullus,
479 2351 525 2392 in
553 2351 738 2393 urbibus
769 2351 845 2392 vix
879 2351 1041 2408 aliquis
1075 2350 1258 2408 reperiri
1295 2350 1529 2406 potuisset,
1573 2354 1617 2391 et
1649 2364 1762 2407 quos

272 2420 464 2461 inveniri
500 2420 765 2477 contigerat,
795 2435 951 2461 eorum
978 2419 1164 2461 scientia
1193 2419 1341 2461 tenuis
1365 2422 1474 2473 erat,
1513 2433 1595 2460 nec
1626 2417 1761 2460 etiam

312 2559 344 2581 a.
365 2548 514 2589 fornula
538 2549 740 2590 exponetue
758 2549 796 2580 B.
823 2568 863 2571 —
880 2549 918 2580 h.
942 2549 1073 2580 saeculo
1094 2548 1136 2580 D.
1155 2567 1196 2571 —
1217 2558 1246 2579 e.
1262 2557 1354 2589 pene
1371 2548 1415 2579 D.

310 2710 342 2747 '1.
368 2729 407 2743 z
423 2716 585 2747 Hochets
600 2715 768 2746 d’enfant.

312 2761 341 2788 2.
368 2757 562 2789 Diminutif
578 2757 621 2787 de
639 2756 758 2796 forma
774 2758 809 2787 et
824 2766 895 2787 non
912 2756 1074 2797 formula
1087 2770 1128 2783 z
1145 2755 1324 2796 alphabet.

313 2803 343 2830 3.
370 2801 406 2828 12
426 2809 519 2830 mars
533 2809 578 2829 ou
594 2802 611 2829 3
630 2798 847 2851 septembre.
1251 2821 1253 2823 -
