1930 3224
567 252 667 285 vlffi.
703 250 899 279 GUfflER‘rl
933 251 1040 279 VITAE
1073 250 1193 278 {ABER
1226 250 1236 277 l
1615 235 1665 276 81

62 358 103 416 '⁷3
164 344 398 410 Tigm'ait.
437 368 459 391 »
494 350 553 393 Et
584 349 661 392 ille
700 365 709 392 z
741 367 762 389 «
791 349 916 392 Scias
946 364 1061 401 eam,
1091 348 1232 391 totius
1270 347 1501 404 religionis
1527 347 1673 404 rigore

166 419 362 484 ξιιῌοὶο,
377 418 560 477 penitus
580 423 683 476 post
703 422 883 475 tempus
906 417 1091 475 aliquod
1112 415 1483 459 exordinandam.
1517 434 1536 454 »
1563 415 1673 466 Quae

139 495 149 503 '
166 487 303 532 ‘verba
327 487 555 546 loquentis
573 486 784 530 Sathanae
817 501 922 528 cum
942 486 1192 528 monachus
1213 485 1363 541 dignis
1392 484 1672 541 abjurgatio-

169 555 336 602 nibus⁸
351 555 650 607 confudisset,
671 555 859 597 recessit
877 554 955 612 qui
973 555 1128 596 aderat
1148 553 1309 605 hostis,
1329 552 1407 595 sed
1428 553 1676 595 monachus

165 624 307 668 relato
328 624 451 683 quod
472 623 661 676 viderat,
683 623 730 665 in
753 623 1000 666 amentiam
1010 638 1169 665 versus
1179 626 1264 675 est,
1289 621 1350 664 ita
1375 626 1424 663 ut
1443 621 1673 678 mancipa-

165 697 293 736 retur
313 692 520 735 vinculis.
560 691 649 744 Qui
685 696 839 734 tamen
867 696 1112 749 antequam
1139 691 1377 748 expiraret,
1414 689 1554 732 menti
1582 705 1674 731 suae

164 755 315 815 rediit,
343 766 389 804 et
411 760 532 803 diem
551 760 666 802 bene
683 751 905 803 confitens
930 760 1057 802 obiit.
1084 759 1200 801 Cum
1222 775 1328 816 ergo
1356 758 1552 800 sciamus
1579 757 1674 799 dia-

166 823 322 873 bolum
347 829 627 878 mendacem‚
664 833 908 891 etopatrem
940 828 1036 885 ejus
1064 844 1120 870 ex
1147 828 1279 870 solita
1308 827 1557 869 invidentia
1581 826 1675 868 dic-

147 902 268 943 „tum
302 897 555 950 credamus,
588 896 790 955 alioquin
815 912 871 939 ne
898 912 1057 939 verum
1081 897 1174 948 fiat,
1207 900 1383 938 avertat
1410 896 1560 938 Deus!
1587 895 1677 936 Res

169 966 293 1010 enim
318 966 612 1024 postmodum
640 965 843 1008 ecclesiae
874 965 987 1008 bene
1021 969 1251 1022 provecta,
1288 965 1374 1006 huc
1394 979 1536 1021 usque
1564 963 1678 1006 bene

171 1034 450 1094 provehitur.

727 1219 945 1277 [CAPUT
972 1219 1095 1276 xxn

231 1359 337 1403 Vidi
359 1364 405 1403 et
424 1359 594 1402 ibidem
612 1359 696 1402 sub
724 1366 878 1403 nostro
906 1365 1108 1417 tempore
1138 1375 1192 1402 ex
1220 1359 1363 1402 milite
1388 1359 1677 1412 monachum,

174 1428 394 1482 moribus,
421 1433 472 1472 ut
497 1427 825 1481 aestimabatur,
855 1428 1127 1486 simplicem,
1153 1444 1251 1470 aevo
1288 1433 1572 1486 provectum,
1604 1428 1681 1485 qui

173 1496 222 1540 in
249 1511 416 1556 pagum
442 1497 793 1539 Vulcassinum1
830 1497 885 1539 ad
904 1497 1116 1539 cellulam
1155 1497 1384 1555 quandam
1398 1495 1419 1522 Ι)
1458 1496 1678 1549 ecclesiae,

174 1566 279 1624 quia
304 1564 410 1610 inde
440 1565 659 1608 oriundus
691 1571 803 1619 erat,
836 1565 893 1608 ab
929 1565 1091 1608 abbate
1126 1581 1207 1607 suo
1232 1565 1503 1616 destinatus,
1539 1581 1680 1622 agge-

174 1649 271 1688 rem
291 1633 460 1692 publici
476 1633 668 1687 itineris,
699 1635 776 1692 qui
797 1638 1038 1692 corruptus
1068 1639 1177 1687 erat,
1212 1634 1394 1676 licentia
1421 1634 1584 1691 prioris
1612 1634 1681 1676 sui

173 1707 426 1746 restaurare
457 1703 707 1761 proposuit.
745 1702 1012 1746 Muneribus
1040 1718 1146 1759 ergo
1183 1702 1387 1744 fidelium
1417 1718 1530 1760 opus
1568 1702 1681 1744 illud

175 1770 422 1830 explicuit;
456 1786 546 1829 quo
579 1770 835 1830 profligato,
866 1771 1075 1829 quaedam
1110 1771 1290 1813 residua
1326 1771 1380 1813 de
1411 1771 1570 1813 eadem
1596 1772 1683 1813 lar-

173 1839 344 1899 gitione
374 1839 574 1883 retinuit.
615 1839 791 1882 Interea
816 1839 974 1882 lethali
1010 1839 1274 1882 infirmitate
1307 1840 1562 1897 corripitur,
1600 1854 1684 1881 nec

172 1913 328 1952 tamen
350 1908 472 1966 quod
488 1908 606 1951 male
629 1907 806 1951 celabat
826 1908 917 1951 ulla
945 1908 1229 1952 confessione
1266 1908 1443 1965 retegit.
1475 1908 1684 1950 Defertur

174 1977 232 2021 ad
258 1977 586 2020 monasterium
619 1977 749 2034 cujus
790 1982 886 2019 erat
925 1977 1202 2030 monachus;
1251 1993 1338 2019 non
1383 1976 1553 2030 abbati,
1593 1992 1684 2019 non

175 2045 314 2104 priori
339 2041 596 2100 confitetur,
621 2046 831 2104 quamvis
846 2045 954 2088 dirae
975 2045 1031 2088 ab
1044 2061 1095 2088 eo
1116 2046 1352 2100 tortiones,
1375 2046 1534 2088 mortis
1560 2046 1684 2088 vide-

177 2114 284 2158 licet
311 2114 548 2172 praeconia,
579 2115 869 2167 sentirentur,
889 2115 967 2156 sed
989 2114 1156 2156 famulo
1174 2114 1369 2165 cuidam,
1390 2115 1467 2172 qui
1495 2115 1686 2156 infirmis

178 2181 483 2237 ministrabat,
511 2183 687 2239 argenti
708 2183 786 2226 illa
810 2184 1042 2240 quantitas
1062 2183 1117 2225 ab
1141 2183 1218 2225 illo
1239 2184 1553 2226 committitur.

189 2271 191 2273 ¹
240 2250 398 2310 Itaque
424 2250 661 2308 cujusdam
690 2252 1011 2309 intempestivo
1040 2252 1186 2294 noctis
1205 2252 1485 2294 increscente
1522 2252 1686 2307 moles-

178 2319 241 2363 tia
261 2335 286 2362 e
309 2319 518 2363 sensibus
553 2320 760 2378 eripitur,
790 2336 870 2378 pro
895 2325 1073 2363 mortuo
1108 2325 1236 2363 terrae
1276 2320 1565 2374 distenditur,
1605 2337 1686 2363 nos

181 2387 320 2441 etiam
343 2387 475 2446 signo
511 2389 761 2447 crepitante
783 2389 931 2432 vocati
953 2389 1182 2443 affuimus,
1211 2390 1431 2447 psalmos,
1459 2390 1685 2433 orationes

189 2533 207 2540 '¹
221 2541 254 2565 a.
279 2530 608 2575 objurgationibus
630 2532 674 2564 D.
690 2548 731 2555 ——
749 2532 783 2564 Ι).
803 2532 1003 2574 qnamdam
1020 2531 1066 2565 D.

190 2727 196 2732 .
226 2702 257 2731 1.
282 2698 330 2731 Le
343 2699 574 2741 Vexin,pays
590 2700 749 2740 compris
766 2702 868 2731 cntre
886 2699 994 2732 l'Oisc
1010 2702 1046 2732 et
1057 2700 1235 2731 l'Andclle
1250 2704 1286 2732 et
1300 2701 1418 2732 divise
1434 2712 1498 2743 par
1515 2702 1629 2743 l'Epte
1645 2713 1687 2734 cn

183 2739 301 2772 Vexin
319 2740 474 2779 francais
491 2747 527 2773 et
543 2741 658 2773 chin
676 2741 865 2773 normand.
884 2742 1050 2774 Lchxin
1066 2743 1222 2780 srancais
1235 2743 1288 2775 fut
1305 2744 1405 2774 renni
1420 2745 1439 2775 a
1456 2745 1487 2775 la
1503 2755 1689 2776 conronne

186 2782 292 2824 apres
310 2782 458 2815 l'entree
475 2783 520 2814 de
537 2783 662 2814 Simon
681 2783 725 2814 dc
744 2783 868 2815 Valois
883 2794 927 2814 au
946 2787 1105 2815 convent
1122 2786 1242 2826 (1002).

299 2869 370 2896 Ven.
394 2869 544 2897 Guiberti
572 2870 644 2896 rita.
1549 2876 1563 2898 ιῐ
