1930 3224
253 248 336 291 188
663 265 762 295 vEN.
797 264 987 294 GUIBERTI
1021 265 1126 293 vmss
1156 265 1276 294 Lmen
1309 266 1355 294 111

252 377 352 404 mus
378 362 423 404 in
444 363 588 415 vobis,
615 363 797 405 accedat
819 364 875 405 ad
893 378 1042 406 sacras
1064 363 1292 421 reliquiaS,
1314 369 1358 407 et
1384 364 1558 407 haustis
1588 364 1739 408 latici-

247 429 347 484 bus,
376 446 488 488 quos
521 431 720 488 reliquiae
753 431 998 488 attigerint,
1036 431 1235 489 profecto
1260 431 1536 476 sanabitur1.
1565 450 1585 472 »
1609 433 1734 476 Tunc

247 498 380 540 laetus
411 498 621 540 dominus
658 498 843 556 ejusque
869 504 1135 552 castrenses,
1171 500 1279 542 dum
1317 516 1393 542 eos
1418 500 1644 543 aestimant
1682 515 1738 543 ex

249 581 330 608 suo
358 566 559 623 ipsorum
583 557 720 609 verbo
750 582 828 624 pro
856 567 1146 610 mendacibus
1176 568 1432 625 capiendos,
1467 569 1660 611 offerunt
1697 567 1739 611 ei

247 649 436 691 puerum
464 638 643 676 mutum
670 639 714 677 et
742 635 942 687 surdum,
982 650 1124 678 annos
1161 641 1318 678 natum
1353 636 1528 678 circiter
1553 635 1734 694 viginti.

249 701 347 743 Dici
367 717 458 743 non
484 707 634 758 potest
672 702 727 744 ab
759 702 909 760 aliquo
949 702 1031 745 sub
1055 708 1224 760 quanto
1253 704 1450 761 periculo
1486 708 1530 746 et
1569 718 1736 761 angore

246 775 354 812 tunc
375 770 524 812 clerici
551 771 865 813 constiterunt.
892 771 971 823 At,
1004 787 1103 813 cum
1132 772 1236 814 altis
1266 787 1553 827 communem
1579 771 1736 814 Domi-

248 852 353 879 nam
375 853 477 879 cum
502 853 582 879 suo
606 838 738 880 unico
763 839 872 881 Jesu
898 839 1090 880 Domino
1118 843 1354 882 exorantes
1381 839 1599 897 suspiriis,
1629 855 1737 897 epo-

246 905 303 947 tis
331 905 469 947 sacris
496 906 639 963 aquis,
664 906 965 963 interrogatur
989 922 1013 948 a
1040 907 1291 963 trepidante
1317 907 1595 964 presbytero,
1630 922 1736 950 nes-

247 973 314 1014 cio
363 974 484 1030 quod
527 973 730 1018 verbum.
777 974 875 1027 Cui,
914 975 990 1017 ille
1022 990 1125 1017 mox
1152 975 1355 1017 absolute
1391 990 1480 1017 non
1518 975 1575 1017 ad
1602 974 1737 1018 verba

248 1041 522 1098 interrogata
569 1043 816 1099 respondit,
868 1043 946 1084 sed
993 1043 1148 1085 eadem
1184 1058 1283 1101 quae
1323 1043 1561 1101 presbyter
1599 1043 1736 1086 verba

248 1108 376 1151 dixit.
426 1108 513 1160 Qui
557 1110 676 1152 enim
714 1118 971 1168 nunquama
1001 1111 1203 1154 audierat
1255 1111 1363 1168 quid
1417 1111 1598 1164 diceret,
1651 1111 1739 1154 nisi

251 1177 373 1235 quod
433 1177 679 1232 dicebatur,
736 1178 987 1235 ignorabat.
1034 1178 1153 1229 Quid
1208 1179 1419 1221 immorer
1455 1180 1475 1222 ⁶?
1529 1179 1581 1221 In
1627 1194 1738 1237 pau-

254 1260 358 1302 pere
400 1246 564 1302 oppido
603 1246 737 1288 corda
772 1246 1010 1292 confestim
1060 1247 1219 1305 seipsis
1263 1239 1453 1304 largiora
1504 1246 1686 1290 fuerunt
1723 1260 1734 1291 :

251 1313 412 1370 oppidi
434 1329 575 1355 unum
611 1314 821 1356 dominus
858 1330 991 1371 quem
1027 1315 1174 1357 solum
1206 1314 1399 1357 habebat
1436 1330 1602 1373 equum
1632 1330 1740 1357 mox

253 1381 461 1438 praebuit,
490 1397 592 1423 cum
613 1388 875 1424 caeterorum
920 1382 1223 1425 munificentia
1257 1398 1359 1425 suas
1382 1398 1495 1440 pene
1515 1382 1739 1441 possibili-

252 1454 370 1491 tates
403 1450 650 1492 excederet.
688 1450 888 1502 Quorum
921 1466 1026 1508 ergo
1064 1450 1315 1507 proditores
1356 1466 1453 1493 esse
1485 1450 1736 1504 voluerant,

250 1517 425 1569 horum,
448 1532 549 1559 cum
569 1518 743 1574 magnis
770 1518 981 1575 lacrymis
1004 1519 1147 1560 Deum
1170 1518 1422 1576 adjutorem
1439 1518 1736 1571 laudantium,

250 1587 313 1627 sic
349 1585 471 1627 fuere
511 1590 838 1643 prosecutores,
885 1591 936 1628 ut
969 1586 1199 1644 juvenem,
1246 1587 1322 1644 qui
1365 1591 1546 1629 sanatus
1578 1586 1735 1640 fuerat,

249 1657 464 1711 perpetuo
489 1654 768 1696 sanctarumb
779 1654 1068 1712 reliquiarum
1089 1654 1380 1696 contubernio
1403 1655 1734 1712 manciparent3

252 1736 385 1778 quem
407 1736 490 1777 ego
517 1722 560 1763 in
593 1722 675 1764 hac
698 1727 853 1764 nostra
885 1722 1128 1779 Novigenti
1155 1722 1338 1764 ecclesia
1367 1722 1574 1764 hebetem
1605 1725 1650 1764 et
1683 1721 1740 1764 ad

253 1789 402 1830 omnia
436 1789 620 1831 dicenda
671 1795 715 1831 et
759 1789 1051 1846 intelligenda
1092 1790 1249 1831 rudem
1290 1790 1398 1832 vidi.
1456 1789 1554 1841 Qui*
1595 1789 1740 1832 fidelis

251 1856 364 1899 tanti
392 1857 593 1900 miraculi
619 1858 922 1910 circumlator,
950 1858 996 1899 in
1025 1857 1105 1899 tali
1137 1858 1398 1900 executione
1424 1873 1514 1899 non
1546 1857 1740 1900 multum

250 1929 353 1981 post
371 1930 548 1982 tempus
575 1925 694 1968 diem
726 1925 837 1967 obiit
856 1927 888 1966 2.

311 1992 362 2034 In
389 1993 710 2050 Andegavensi
729 1993 838 2035 urbe
862 1993 1043 2035 foemina
1065 1993 1268 2051 quaedam
1290 1998 1400 2046 erat,
1425 2008 1524 2051 quae
1542 1991 1741 2050 puellula

251 2066 464 2117 nupserat
492 2075 500 2114 ;
537 2062 583 2102 in
619 2077 706 2118 qua
736 2062 937 2118 pueraria
972 2066 1102 2103 aetate
1130 2061 1365 2104 annulumc
1384 2076 1518 2119 quem
1549 2059 1740 2117 digitulo

250 2128 515 2181 inseruerat,
566 2129 961 2180 irretractabiliter,
1003 2134 1054 2171 ut
1093 2130 1154 2171 sic
1198 2129 1360 2183 dicam,
1411 2128 1481 2170 die
1516 2133 1740 2186 noctuque

250 2195 472 2239 insertum
495 2202 714 2240 tenuerat.
736 2197 985 2239 Juvencula
1022 2197 1160 2254 igitur
1182 2196 1497 2239 accedentibus
1532 2196 1663 2238 annis
1694 2195 1741 2237 in

251 2264 339 2320 maj
347 2280 469 2306 orem
484 2265 809 2307 carnulentiam
819 2270 1118 2317 excrescente,
1135 2265 1269 2307 etiam
1284 2264 1399 2307 circa
1410 2263 1624 2306 annulum
1637 2263 1741 2306 hinc

251 2332 324 2374 etd
350 2332 451 2375 inde
479 2348 579 2374 caro
600 2332 897 2390 protuberans
916 2333 1148 2375 metallum
1174 2348 1286 2390 pene
1316 2336 1591 2384 contexerat,
1622 2331 1740 2373 unde

293 2471 326 2494 a.
352 2471 551 2503 numquam
567 2461 654 2493 D.-
671 2461 707 2492 b.
720 2461 936 2493 Sanctorum
950 2461 1037 2492 D.—
1051 2471 1080 2492 c.
1101 2461 1239 2493 annulo
1252 2461 1280 2491 B
1303 2461 1351 2501 (et
1362 2460 1464 2502 D).—
1474 2459 1509 2491 d.
1525 2469 1678 2500 marique
1692 2459 1737 2492 D.

293 2630 322 2663 1,
348 2625 416 2655 Sur
435 2626 529 2656 cette
548 2624 765 2656 medication
784 2625 1027 2663 miraculeusQ
1046 2626 1091 2657 cf.
1109 2635 1142 2665 p.
1163 2628 1232 2663 219,
1254 2635 1287 2656 n.
1307 2628 1336 2656 2.

293 2670 322 2699 2.
348 2666 401 2697 Cf.
423 2667 593 2705 Herman,
613 2665 765 2705 loc.cit.,
788 2666 809 2703 1,
829 2677 851 2699 ι,
871 2676 901 2697 c,
922 2676 966 2702 1x,
986 2666 1054 2698 col.
1078 2669 1151 2696 970.
1169 2666 1318 2697 Herman
1345 2675 1436 2696 nous
1460 2666 1577 2696 donne
1599 2666 1632 2696 le
1655 2674 1739 2696 nom

251 2709 301 2738 du
324 2707 493 2738 miracul&
521 2718 528 2739 z
555 2707 579 2737 il
606 2707 794 2748 s'appelait
820 2707 1000 2738 Chretien.
1039 2708 1194 2738 Herman
1224 2707 1359 2738 affirme
1390 2716 1459 2747 que
1493 2705 1660 2737 Chre'tien
1687 2707 1741 2737 est

252 2749 419 2780 demeure'
443 2750 462 2779 a
486 2749 582 2780 Laon
606 2749 691 2779 chez
720 2748 962 2779 l'archidiacre
993 2748 1075 2779 Gui.
1110 2748 1203 2779 C’est
1236 2748 1330 2779 donc
1359 2757 1497 2779 comme
1524 2747 1677 2779 visiteur
1695 2748 1740 2778 de

253 2790 418 2831 l‘abbaye
436 2791 479 2821 de
498 2790 640 2830 Nogent
658 2799 726 2830 que
745 2789 899 2821 Guibert
916 2790 1057 2821 l'aurait
1075 2799 1131 2820 vu.

1912 707 1930 989 *am-aa'flaeeh,1'.u.v.·
1915 678 1930 698 εἰ.
1920 637 1930 665 n.
1922 607 1930 627 ι.
