1930 3224
323 272 377 313 50
728 283 824 313 VEN.
862 279 1057 311 GUIBER'rl
1089 282 1194 311 v1TAE
1227 280 1347 309 mann
1380 280 1391 307 1

383 384 456 426 Ad
490 382 743 426 coenobium
779 397 885 439 ergo
922 380 1033 422 illud
1065 380 1268 431 veniens,
1298 393 1430 420 anum
1459 376 1682 434 quandam
1701 383 1721 403 ὃ
1761 375 1809 418 in

322 450 649 495 sanctimoniali
671 449 827 492 habitu
854 448 1034 505 reperit,
1061 463 1211 506 quam,
1241 447 1344 504 quia
1370 445 1609 503 plurimam
1630 443 1810 501 religio-

322 521 391 562 nis
412 519 606 578 speciem
627 534 716 576 prae
743 533 789 559 se
812 516 997 569 ferebat,
1034 516 1090 558 ad
1117 515 1202 557 sibi
1236 513 1584 557 cohabitandum
1616 511 1809 570 discipu-

322 588 403 630 lari
417 586 610 645 quadam
637 585 834 628 exhibita
852 585 891 626 ei
919 584 1193 641 subjectione
1217 583 1362 640 coegit
1386 595 1394 625 :
1414 581 1576 638 coegit,
1606 580 1805 638 inquam,

322 672 424 698 cum
445 655 540 712 ipsa
563 653 932 706 ambientissime,
963 652 1159 709 expertis
1185 651 1282 709 ejus
1309 650 1523 702 moribus,
1550 647 1809 691 sodalitium

321 724 409 766 tale
440 722 684 780 collegerit.
729 721 877 778 Coepit
914 721 1063 779 itaque
1090 719 1364 778 pedetentim
1394 716 1656 776 antiquioris
1687 715 1808 758 illius

322 790 528 834 feminaeb
566 791 760 848 rigorem
791 789 973 842 imitari,
1001 788 1146 831 victus
1182 787 1499 845 parsimoniam
1525 784 1668 842 sequi,
1696 799 1808 843 pau-

321 859 511 917 perrima
545 858 729 900 obsonia
757 857 982 915 amplecti,
1026 855 1406 899 consuetudinarii
1454 858 1620 896 stratus
1655 851 1809 894 mollia

322 927 462 969 fulcra
495 926 692 984 rejicere,
725 926 909 968 linteolo
949 929 993 967 et
1030 924 1245 967 stramine
1272 922 1562 966 frumentario
1600 924 1808 964 contenta

322 995 529 1037 dormire.
564 994 621 1037 Et
662 1010 763 1036 cum
805 994 947 1036 multa
970 993 1115 1035 adhuc
1147 993 1310 1034 niteret
1347 991 1502 1062 specie
1546 989 1810 1047 nullumque

320 1063 615 1120 praetenderet
632 1062 881 1105 vetustatis
893 1062 1123 1114 indicium,
1151 1061 1207 1103 ad
1227 1059 1344 1102 hoc
1333 1075 1430 1117 ipsa
1454 1057 1738 1111 contendere,
1760 1061 1812 1099 ut

322 1131 444 1188 rugis
489 1130 682 1173 anilibus
739 1131 795 1173 ad
845 1145 1034 1172 cernuos
1086 1129 1327 1171 defluxisse
1373 1131 1603 1185 putaretur
1650 1135 1806 1168 an'nOS.

323 1199 574 1241 Defluentia
608 1214 713 1256 ergo
734 1198 940 1251 crinium,
975 1214 1072 1255 quae
1103 1196 1327 1239 foemineis
1361 1195 1647 1253 potissimum
1667 1194 1813 1236 solent

322 1267 553 1310 ornatibus
573 1267 804 1319 inservire,
835 1266 988 1308 crebro
1010 1266 1176 1323 forcipe
1198 1264 1503 1317 succiduntur,
1527 1263 1652 1321 pulla
1670 1261 1810 1304 vestis

322 1341 366 1378 et
386 1335 680 1393 amplitudine
701 1334 878 1376 insolita
905 1334 1162 1392 displicens,
1187 1332 1434 1375 innumeris
1448 1329 1810 1374 resarcitionibus

323 1408 618 1461 segmentata,
643 1402 873 1460 prodebat,
898 1418 1000 1444 cum
1026 1402 1166 1444 nativi
1187 1401 1349 1443 coloris
1384 1399 1591 1458 palliolo,
1618 1403 1663 1441 et
1684 1402 1810 1441 sutu—

323 1472 405 1514 lari
429 1471 679 1528 partusuris
698 1476 706 1500 ¹
730 1470 1110 1528 incorrigibilibus
1128 1469 1368 1522 terebratO,
1392 1468 1604 1526 quoniam
1623 1465 1809 1509 interius

324 1544 434 1593 erat,
457 1540 528 1581 cui
550 1539 632 1581 sub
656 1545 748 1581 tam
766 1538 958 1596 inglorio
986 1543 1204 1595 apparatu
1220 1538 1394 1595 placere
1417 1535 1652 1594 gestiebat.

384 1607 615 1650 Confessio
650 1607 788 1664 igitur
825 1611 1027 1649 veterum
1071 1610 1382 1663 peccatorum,
1420 1604 1631 1662 quoniam
1665 1603 1808 1661 ipsam

324 1676 538 1718 didicerat
558 1675 738 1717 initium
758 1674 993 1727 bonorum,
1023 1674 1221 1732 quotidie
1241 1689 1354 1730 pene
1382 1688 1499 1715 novo
1529 1687 1631 1715 cum
1665 1671 1808 1723 fieret,

326 1759 502 1801 semper
527 1744 704 1785 animus
744 1743 944 1800 ejusdem
979 1742 1210 1784 exactione
1252 1741 1579 1799 praeteritorum
1628 1754 1812 1782 suorum

325 1817 506 1854 actuum
548 1811 824 1863 versabatur,
861 1810 969 1868 quid
1009 1810 1136 1867 virgo
1190 1810 1373 1851 ineunte
1423 1808 1507 1850 sub
1552 1823 1664 1861 aevo,
1707 1805 1815 1864 quid

326 1880 456 1922 virita
472 1881 503 1933 ⁴2,
534 1879 642 1938 quid
665 1879 799 1921 vidua
824 1878 974 1921 studio
999 1878 1095 1936 jam
1124 1877 1407 1935 possibiliore
1429 1876 1665 1934 peregerit,
1691 1874 1814 1932 cogi-

326 1949 504 2000 taverit,
534 1947 723 1990 dixerit:
752 1962 928 2004 semper
947 1946 1135 1988 rationis
1159 1945 1414 1988 examinare
1434 1945 1663 1997 thronum,
1693 1947 1738 1985 et
1757 1942 1813 1985 ad

328 2016 587 2069 sacerdotis,
613 2015 704 2057 imo
736 2015 792 2057 ad
821 2015 905 2056 Dei
926 2030 1004 2071 per
1035 2014 1184 2071 ipsum
1220 2012 1521 2070 cognitionem
1560 2010 1812 2054 examinata

327 2084 557 2125 deducere.
590 2082 697 2124 Inde
725 2098 826 2125 cum
853 2082 992 2124 tantis
1018 2082 1194 2123 videres
1215 2081 1445 2122 foeminam
1468 2094 1592 2122 orare
1610 2077 1812 2121 stridori-

326 2151 426 2203 bus,
449 2155 573 2193 tanta
597 2150 781 2207 spiritus
802 2150 1027 2192 anxietate
1050 2149 1296 2200 tabescere,
1326 2153 1376 2190 ut
1396 2148 1513 2190 inter
1538 2145 1811 2204 operandum

327 2234 427 2261 cum
453 2218 690 2260 dirissimis
714 2218 789 2259 vix
817 2218 909 2260 ullo
931 2217 1064 2259 modo
1094 2221 1324 2259 cessarent
1354 2214 1657 2273 deprecatoria
1678 2213 1814 2255 verba

329 2286 615 2344 singultibus.
654 2286 837 2343 Septem
877 2284 1210 2343 poenitentiales
1254 2285 1453 2340 psalmos
1500 2282 1583 2324 sub
1633 2280 1813 2339 praefata

370 2415 400 2435 a.
429 2404 623 2445 quamdam
644 2404 685 2434 D.
706 2421 745 2425 -
767 2402 800 2434 b.
819 2403 977 2442 foeminae
995 2403 1039 2434 D.

331 2569 391 2606 tio,
412 2568 499 2598 duia
523 2567 618 2598 sicut
643 2567 803 2598 infernus
826 2567 1019 2598 aemulatio
1043 2577 1050 2598 z
1077 2565 1261 2607 lampades
1283 2565 1372 2605 ejus,
1392 2564 1575 2605 lampades
1600 2562 1692 2604 ignis
1710 2563 1816 2602 atque

330 2611 563 2639 ssammaiQum
588 2621 602 2636 »

372 2653 401 2681 1.
427 2650 503 2680 Mot
521 2651 564 2680 de
583 2651 615 2681 la
634 2651 761 2690 langue
782 2659 853 2679 non
871 2650 1049 2689 classique
1073 2648 1132 2688 qui
1158 2649 1273 2688 parait
1299 2657 1343 2678 en
1364 2648 1513 2687 rapport
1529 2655 1617 2677 avec
1643 2646 1675 2676 la
1693 2644 1833 2675 racine

329 2692 375 2721 du
394 2691 501 2722 verbe
517 2691 710 2741 pertundo,
736 2692 782 2721 du
808 2691 983 2731 participe
1002 2689 1107 2731 passe'
1138 2690 1184 2719 du
1212 2690 1270 2719 uel
1301 2689 1400 2719 vient
1427 2690 1530 2719 notre
1563 2688 1639 2718 mot
1685 2684 1810 2716 ertuis.

329 2733 385 2763 Du
400 2733 492 2771 Can„
484 2743 515 2763 e
537 2743 573 2763 se
591 2732 704 2763 lesere
721 2733 919 2772 justement
937 2742 980 2762 au
1002 2734 1098 2762 texte
1120 2731 1162 2761 dc
1217 2730 1335 2761 uibert
1354 2728 1602 2769 (Glossarium,
1624 2727 1679 2759 ὁ.
1694 2727 1811 2758 Hens-

329 2774 419 2809 chel
441 2776 468 2805 t
474 2756 533 2809 ‘',V
581 2777 678 2808 ,113,
703 2775 770 2804 col.
793 2774 836 2813 2).

371 2818 400 2847 2.
425 2814 460 2845 C'
464 2818 536 2846 est·
540 2784 575 2845 ap
575 2815 649 2845 dire
669 2825 713 2845 cn
729 2814 918 2855 puissance
937 2815 979 2844 de
1004 2814 1104 2844 mari.
