1930 3224
607 258 707 288 VEN.
743 257 940 287 summm
973 258 1080 288 vrrAE
1111 256 1233 287 Lumn
1266 258 1293 286 11
1440 266 1441 269 =
1603 245 1686 288 103

82 385 92 417 ἢ
184 358 319 414 Quod
355 373 463 416 ergo
494 356 587 400 illic
618 355 847 415 gignendo
873 371 965 399 non
1002 355 1351 399 discredendum
1384 361 1468 410 est,
1498 357 1620 414 quod
1643 362 1689 400 et

182 427 287 486 iptio
317 426 414 471 fieri
446 425 596 485 potuit
627 424 862 483 geniturae.
901 425 975 467 Ad
1005 425 1126 467 hunc
1162 425 1314 483 itaque
1353 424 1504 468 locum
1536 440 1688 482 regem

185 495 494 550 Britannicum
530 493 719 551 contigit
757 493 1013 547 advenisse,
1039 493 1133 552 qui,
1169 493 1544 552 opportunissimi
1573 494 1689 536 ruris

46 619 50 622 ²
79 557 131 623 - ·”ῖ
176 564 459 625 grafitndine
500 567 673 615 tentus,
721 562 791 605 sui
829 578 1104 621 suorumque
1141 567 1304 605 vexata
1331 567 1478 605 tractu
1514 562 1688 605 itineris

38 624 60 646 ²
182 648 368 692 corpora
415 631 527 675 inibi
559 631 760 674 refovere
794 631 1035 689 disposuit,
1070 635 1115 674 et
1147 631 1360 674 animalia
1381 631 1689 674 lassabundoa

183 707 286 747 octo
307 701 467 745 diebus
487 700 616 744 uberi
635 699 758 758 quod
775 700 952 758 adjacet
975 695 1142 758 pabulo
1163 699 1398 743 recreavit.

243 769 419 815 Exinde
447 769 758 828 progredienS,
787 773 891 826 post
924 783 1107 812 emensa
1145 769 1230 811 soli
1256 769 1485 827 marisque
1522 768 1683 826 spatia,

173 836 835 901 *andemlliemsolymitaqisb
848 852 947 880 sese
963 837 1350 880 moenibusintulit
1384 837 1689 895 Nuperigitur

181 902 416 966 salvatore
443 922 592 965 passo,
623 911 668 949 et
688 914 738 952 ac
764 905 956 948 mortuis
977 906 1212 959 suscitato,
1236 911 1280 949 et
1300 907 1356 948 ad
1374 906 1578 949 coelestia
1595 906 1687 948 ele-

95 971 130 989 ³*
181 981 304 1030 vat0,
329 975 388 1019 ad
403 974 618 1019 ultimum
641 974 812 1033 Spiritu
837 974 959 1027 dato,
983 974 1148 1032 reperit
1178 974 1336 1017 urbem
1364 975 1557 1017 diversis
1583 990 1688 1017 con-

182 1043 462 1090 tentionibus
488 1043 811 1096 diversantem,
845 1043 918 1085 his
943 1042 1061 1086 facto
1086 1043 1288 1096 offensis,
1316 1043 1406 1086 illis
1437 1043 1553 1086 facta
1582 1059 1686 1102 pro-

178 1113 408 1159 bentibus.
451 1112 546 1156 Nec
581 1111 676 1155 ulla
715 1111 867 1154 extitit
898 1127 976 1154 eos
1015 1127 1130 1170 quos
1171 1111 1401 1171 quaerebat
1435 1112 1688 1170 reperiendi

178 1181 442 1235 difficultas,
465 1181 545 1224 sed
567 1196 639 1223 res
655 1180 835 1238 magnis
855 1180 1079 1223 celebrata
1102 1180 1360 1223 rumoribus
1374 1196 1520 1223 .novae
1550 1181 1687 1239 hujus

179 1251 540 1310 promulgatores
563 1249 678 1306 legis
701 1249 823 1292 facili
848 1249 1014 1291 indicio
1041 1249 1310 1307 propalavit.
1338 1250 1440 1292 Non
1463 1249 1583 1292 enim
1611 1265 1687 1292 eos

180 1319 312 1367 solita
352 1319 571 1363 hactenus
611 1318 808 1360 claustra
849 1317 1081 1372 tenebant,
1128 1334 1210 1361 nec
1245 1334 1269 1360 a
1311 1319 1381 1360 sui
1425 1318 1687 1360 testimonio

181 1387 365 1432 Domini
382 1387 582 1432 Judaicae
602 1402 679 1429 eos
701 1386 937 1429 seditionis
957 1391 1107 1430 metus
1127 1387 1330 1441 arcebat3
1357 1387 1437 1429 sed
1461 1392 1558 1430 erat
1583 1402 1688 1429 con-

179 1456 376 1500 siderare
407 1471 486 1499 eos
517 1455 562 1499 in
594 1455 774 1514 populis
806 1455 1074 1509 eminentes,
1103 1460 1155 1498 ut
1181 1456 1499 1499 auctoritatem
1513 1455 1534 1482 ‘¹
1561 1454 1687 1498 verbi

179 1525 406 1569 evidentia
446 1523 659 1568 stationis
696 1524 920 1582 impleret.
955 1524 1074 1577 Quid
1109 1524 1358 1568 immorer?
1391 1526 1514 1567 Inter
1545 1540 1688 1582 popu-

177 1593 297 1637 lares
314 1594 455 1652 igitur
469 1593 633 1636 Petrus
656 1609 761 1636 cum
783 1592 995 1636 undecim
1012 1593 1244 1636 invenitur
1259 1593 1537 1651 frequentias
1549 1601 1580 1647 5³,
1602 1593 1688 1635 lar-

54 1659 66 1727 ‘N
124 1678 126 1684 ·
176 1662 366 1720 gissimo
387 1662 483 1721 jam
499 1661 826 1721 discipulorum
848 1662 1132 1705 asseculante
1153 1667 1394 1715 conventu,
1416 1662 1557 1704 totius
1583 1677 1689 1704 nos-

175 1735 258 1775 trae
283 1731 389 1775 fidei
409 1736 455 1775 et
477 1731 633 1789 gloriae
655 1731 856 1789 speculo,
883 1746 1012 1773 suam
1041 1730 1104 1773 ibi
1131 1732 1420 1790 praesentiam
1452 1735 1497 1773 et
1517 1730 1687 1773 ‘divinae

175 1800 324 1844 carnis
347 1800 659 1843 testimonium
678 1799 944 1858 perhibente
969 1800 1128 1844 Maria.
1156 1800 1280 1852 Quos
1307 1816 1385 1842 rex
1405 1800 1482 1842 ille
1509 1799 1686 1842 Britan-

174 1869 322 1921 nicus,
358 1869 454 1912 Deo
495 1884 601 1911 mox
629 1868 863 1911 delaturus
894 1869 1136 1926 primitias,
1176 1885 1280 1911 cum
1309 1869 1496 1927 Virgine
1539 1869 1684 1911 Matre

176 1938 474 1998 compellans,
497 1953 657 1980 causas
677 1937 852 1980 itineris
876 1937 940 1980 sic
957 1931 1202 1996 expromit:

238 2025 258 2047 α
287 2007 354 2050 De
370 2006 687 2049 remotissimis
709 2011 838 2049 terrae
856 2006 1022 2049 finibus
1048 2007 1106 2049 ad
1122 2022 1221 2058 vos,
1249 2011 1401 2064 patres
1423 2011 1467 2049 et
1494 2006 1683 2059 domini,

177 2075 428 2119 audiendos
442 2091 515 2118 me
536 2075 772 2118 devenisse
807 2075 988 2119 videtis.
1022 2075 1119 2133 Ego
1146 2091 1200 2118 ex
1230 2075 1379 2118 debita
1403 2075 1686 2118 successione

177 2149 420 2204 parentum
441 2143 703 2187 Britonibus
723 2145 943 2187 hactenus
963 2144 1198 2203 imperavi.
1230 2144 1366 2188 Sacra
1387 2160 1495 2187 vero
1518 2144 1683 2202 prisca,

178 2228 278 2272 quae
296 2229 444 2256 errore
464 2218 646 2256 vetusto
663 2213 938 2256 venerabilia
961 2213 1148 2267 duxere,
1166 2229 1268 2256 cum
1287 2214 1520 2272 hucusque
1536 2213 1686 2255 colue-

176 2281 279 2335 rim,
302 2282 386 2325 hac
401 2281 457 2325 ab
473 2282 538 2324 eis
562 2297 707 2340 nuper
727 2282 899 2324 ratione
911 2282 1081 2325 descivi
1091 2282 1110 2316 f
1114 2317 1122 2326 .
1140 2281 1256 2325 Cum
1271 2282 1390 2324 enim
1403 2283 1526 2340 ipsos
1541 2286 1686 2325 atten-

62 2353 67 2358 ”
130 2391 134 2400 2
176 2350 350 2404 derem,
371 2365 486 2409 quos
507 2350 755 2409 antiquitas
771 2350 937 2393 deitate
958 2350 1101 2394 indita
1126 2350 1382 2405 honoravit,
1396 2351 1685 2394 teterrimos9

175 2418 315 2462 fuisse
342 2419 619 2472 mortalium,
643 2424 687 2462 et
709 2425 813 2478 post
846 2435 1053 2462 enormes
1080 2420 1321 2478 spurcitias
1340 2425 1513 2463 naturae
1535 2419 1686 2463 debita

175 2487 402 2531 exolvisse
438 2488 769 2546 perpensitans,
823 2487 1169 2532 rationabilibus
1225 2489 1369 2547 reperi
1414 2488 1686 2546 conjecturis

176 2555 385 2600 homines
408 2556 454 2599 in
475 2556 753 2609 coelestibus,
781 2557 858 2614 qui
879 2556 963 2599 sub
987 2557 1101 2599 coelo
1118 2557 1408 2601 terrestribus
1429 2557 1686 2615 indigentes

177 2624 405 2678 vixerant,
437 2625 531 2668 sola
559 2625 771 2683 opinione
796 2626 1022 2683 praefixos,
1049 2626 1214 2669 coelum
1235 2631 1279 2669 et
1309 2632 1474 2669 terram
1496 2642 1685 2684 quaeque

219 2747 252 2770 a.
270 2732 548 2770 lassabundaD.
564 2756 602 2761 —
620 2738 1001 2785 b.1erosolymitanis
1004 2739 1048 2770 D
1069 2749 1150 2771 -ε,
1165 2739 1209 2780 Aj
1214 2739 1298 2771 oute'
1316 2750 1380 2780 par
1398 2740 1442 2771 D
1451 2739 1537 2770 —d.
1553 2739 1685 2771 antho-

178 2777 323 2811 ritatem
346 2779 391 2811 D.
418 2798 461 2802 —
480 2790 508 2812 e.
533 2779 768 2827 sreqflenlius
797 2781 840 2812 D.
861 2780 945 2821 —s.
964 2780 1065 2813 C··.011
1094 2781 1203 2812 deB
1200 2750 1249 2814 iet
1272 2782 1328 2812 D.
1349 2781 1408 2812 (Ie.
1404 2791 1509 2812 ὀιιω·
1521 2782 1624 2812 [mx.
1644 2800 1684 2804 -

177 2830 215 2864 9.
234 2821 335 2852 Corr.
355 2821 400 2852 de
423 2821 465 2853 D.
488 2821 704 2853 deterrimos
722 2821 762 2853 B.
