1930 3224
556 235 655 265 vnn.
703 235 899 266 omnam-1
941 236 1050 267 vri-1³:
1081 236 1203 266 mmm
1237 238 1250 265 1
1598 225 1651 267 71

154 335 306 395 specie
324 350 413 394 qua
425 335 611 395 juvenis
637 335 864 388 extiterat,
893 336 979 379 sibi
1002 336 1239 395 conspexit
1269 337 1500 390 assistere,
1533 353 1657 380 cum-

155 403 308 464 quein
333 419 438 448 eum
462 403 732 457 intenderet,
762 409 807 448 et
837 420 895 447 an
924 405 1020 463 ipse
1059 405 1287 448 Evrardus
1307 409 1545 448 vocaretur
1575 405 1657 466 (sic

155 471 278 518 enim
302 487 407 517 eum
425 473 656 533 quondam
686 473 953 516 constiterat
979 473 1217 533 appellari)
1245 473 1510 532 suppliciter
1536 475 1657 532 rogi-

155 544 290 596 taret,
313 541 416 600 ⁴ipse
438 541 640 600 negavit.

215 609 312 654 Nec
333 610 515 663 mirum,
537 610 577 653 si
596 610 782 668 spiritus
802 625 854 653 eo
876 626 924 653 se
947 607 1129 654 nomine
1146 611 1354 670 insigniri
1371 611 1653 666 diffiteretur,

154 693 245 738 quo
269 678 407 722 homo
434 678 546 722 olim
581 677 728 722 fuerat
757 692 766 723 ε
798 679 985 738 spiritus
1018 680 1140 722 enim
1168 680 1347 738 spiritui
1386 680 1499 723 nihil
1535 680 1658 723 aliud

155 761 293 807 quam
312 747 434 806 quod
467 747 777 806 spiritualitati
800 763 1052 806 congruum
1087 748 1146 791 sit
1177 749 1451 807 respondere
1489 749 1657 792 debue-

153 819 238 860 rat.
269 815 479 861 Mutuam
504 820 661 860 autem
687 816 874 875 spiritus
906 832 986 874 per
1017 817 1202 860 nomina
1234 817 1399 861 habere
1427 818 1654 872 notitiam,

153 883 433 938 oredivalde
458 884 718 931 ridiculum.-
733 890 818 940 est,
856 885 1057 944 alioquin
1084 885 1129 928 in
1160 886 1312 929 futuro
1346 887 1528 940 saeculo,
1556 902 1656 930 rara

153 952 242 997 ‘nisi
263 953 537 997 nostratium
557 954 757 1012 cognitio
775 959 859 997 est.
886 955 1083 998 Nomina
1100 955 1234 1013 plane
1259 970 1350 997 non
1376 970 1560 998 necesse
1587 960 1657 998 est

153 1020 318 1065 habere
341 1021 546 1081 spiritus,
561 1038 755 1081 quorum
778 1028 872 1066 tota
902 1023 1036 1078 visio,
1059 1023 1201 1066 immo.
1215 1031 1234 1050 ἃ
1252 1024 1440 1066 visionis
1467 1023 1657 1067 scientia

153 1090 293 1135 estab
314 1090 452 1135 intus.
483 1090 602 1134 Cum
627 1107 734 1150 ergo
761 1092 826 1135 sic
847 1108 895 1135 se
918 1092 1071 1135 vocari
1092 1097 1320 1150 negasset,
1352 1098 1397 1135 et
1410 1097 1562 1135 tamen
1579 1093 1655 1135 illa

153 1174 258 1203 eum
282 1174 374 1202 non
406 1159 558 1202 minus
593 1176 692 1203 esse
721 1161 926 1214 sentiret,
964 1161 1217 1218 interrogat
1247 1161 1539 1218 postmodum
1578 1161 1656 1204 ubi

153 1233 484 1274 commaneret:
505 1229 579 1272 cui
598 1229 675 1272 ille
695 1230 786 1272 acsi
811 1229 1010 1288 plateam
1036 1230 1157 1273 haud
1183 1231 1339 1288 procul
1363 1245 1387 1272 a
1411 1230 1510 1273 loco
1537 1230 1657 1288 posi-

27 1291 32 1299 ³
106 1353 111 1359 ³
153 1301 248 1341 tam
266 1296 485 1351 insinuat,
514 1302 559 1341 et
579 1297 747 1341 ibidem
774 1314 822 1342 se
845 1299 1128 1342 commorari.
1158 1298 1329 1352 Quaerit
1355 1299 1493 1342 etiam
1513 1299 1658 1358 quali-

153 1369 224 1409 ter
260 1381 309 1410 se
354 1365 536 1410 habeat.
572 1367 637 1427 At
683 1367 759 1410 ille
799 1367 982 1410 brachio
1018 1372 1187 1411 retecto
1223 1383 1327 1410 cum
1364 1368 1506 1411 latere
1544 1368 1655 1411 adeo

151 1438 401 1494 utrumque,
421 1436 621 1478 ostendit
645 1435 861 1490 lacerum,
885 1436 1053 1479 crebris
1080 1437 1190 1480 adeo
1227 1436 1492 1479 vulneribus
1519 1437 1656 1480 inter-

152 1507 343 1557 sectum,
364 1499 418 1547 ut
437 1519 630 1563 magnus
655 1505 909 1549 intuentem
932 1510 1195 1564 sequeretur
1211 1506 1368 1548 horror
1388 1510 1434 1549 et
1459 1521 1657 1548 commo-

150 1571 215 1616 tio
237 1571 479 1619 viscerum.
503 1573 578 1621 Ad
602 1574 687 1616 hoc
710 1574 848 1617 etiam
868 1574 1046 1632 pueruli
1067 1574 1322 1632 cujuspiam
1346 1575 1518 1632 species
1536 1575 1654 1633 pari-

149 1646 220 1687 ter
240 1641 412 1697 aderat,
435 1642 576 1696 tantis
590 1643 864 1686 clamoribus
872 1649 1179 1701 perstrepens,
1199 1648 1249 1687 ut
1264 1642 1284 1670 ι)
1297 1643 1337 1686 ei
1355 1659 1533 1701 quoque
1555 1659 1655 1702 quae

147 1709 196 1754 id
214 1709 476 1755 intuebatur
498 1711 747 1769 plurimum
763 1712 986 1755 molestiae
1007 1717 1243 1769 generaret
1261 1727 1269 1766 ;
1300 1712 1429 1771 cujus
1457 1717 1502 1755 et
1522 1717 1654 1755 mota

149 1778 480 1835 vocibusbdixit
499 1780 557 1823 ad
579 1794 713 1824 eum:
744 1799 764 1822 «
802 1780 1056 1834 Quomodo,
1091 1781 1289 1835 domine,
1338 1786 1490 1824 tantos
1520 1781 1654 1839 hujus

149 1846 336 1891 infantis
353 1847 550 1907 ejulatus
561 1854 689 1907 potes
704 1849 797 1908 pati
813 1851 895 1892 ‘?-—-
909 1850 1075 1903 Velim,
1091 1850 1253 1908 inquit,
1274 1849 1431 1901 nolim,
1451 1850 1611 1908 patior.
1631 1867 1650 1890 »

150 1915 362 1960 Ploratus
382 1922 536 1965 autem
551 1918 686 1976 hujus
704 1918 908 1973 infantis,
926 1923 981 1961 et·
995 1918 1166 1961 brachii
1180 1918 1409 1961 intercisio
1430 1934 1480 1962 ac
1500 1919 1654 1962 lateris

150 1985 267 2030 hanc
278 1986 625 2032 sententiamc...
653 1986 906 2045 Cumpater
924 2003 1052 2030 meus
1076 1988 1122 2030 in
1132 1987 1378 2046 primaevod
1401 2004 1483 2031 suo
1502 2004 1526 2031 a
1540 1987 1654 2046 legi-

149 2054 263 2099 timo
285 2055 445 2099 matris
458 2071 571 2099 meae
591 2057 860 2099 commercio
876 2072 955 2115 per
972 2056 1272 2115 quorumdam
1292 2056 1511 2100 maleficia
1534 2062 1654 2100 esset

150 2123 361 2178 extorris,
375 2124 561 2184 quidam
578 2125 635 2168 ad
654 2125 876 2184 puerilem
893 2124 991 2183 ejus
1006 2126 1209 2168 animum
1231 2126 1360 2184 pravi
1371 2134 1387 2153 ‘³
1406 2125 1653 2168 consiliarii

149 2207 398 2248 accessere,
438 2193 534 2252 qui,
568 2198 616 2237 ut
648 2194 976 2252 experirentur,
1002 2210 1060 2238 an
1093 2210 1197 2237 cum
1232 2194 1333 2237 aliis
1360 2195 1478 2237 coire
1499 2199 1654 2253 posset

149 2261 433 2317 mulieribus,
464 2262 674 2306 suasione
695 2263 1028 2321 malignissima
1051 2278 1293 2317 monuere;
1330 2264 1407 2322 qui
1435 2263 1652 2322 juvenili-

149 2334 220 2374 ter
231 2330 298 2374 eis
317 2330 653 2390 obtemperans,
688 2331 806 2375 male
833 2336 1055 2377 attentato
1093 2331 1337 2376 concubitu
1374 2348 1431 2375 ex
1466 2332 1652 2374 mulier-

149 2399 252 2443 cula
276 2400 431 2443 nescio
457 2415 543 2459 qua
573 2400 747 2459 prolem
773 2400 976 2454 sustulit,
1002 2416 1101 2459 quae
1128 2416 1210 2444 nec
1238 2417 1364 2444 mora
1388 2401 1524 2444 etiam
1555 2401 1651 2443 sine

94 2520 99 2526 ¹
147 2467 376 2527 baptismo
407 2468 529 2512 diem
555 2469 682 2513 obiit.
718 2469 769 2512 In
803 2469 1060 2512 concisione
1094 2486 1200 2528 ergo
1236 2470 1392 2513 lateris
1422 2470 1650 2528 corruptio

148 2541 219 2581 est
242 2536 348 2580 fidei
365 2537 572 2592 socialis3
608 2538 656 2580 in
682 2537 953 2581 stridoribus
979 2543 1132 2581 autem
1161 2538 1335 2581 infestae
1361 2539 1485 2580 illius
1506 2539 1647 2591 vocis,

147 2605 341 2665 perditio
373 2607 491 2650 male
534 2606 796 2666 procreatis
815 2606 1018 2652 infantis.
1049 2608 1180 2651 Tales
1201 2612 1345 2661 erant,
1382 2607 1650 2650 inexhausta

189 2727 221 2751 a.
242 2717 314 2751 ἰηιό
330 2719 427 2751 1).-
441 2718 477 2752 b.
497 2721 530 2752 et
549 2719 593 2751 D.
610 2738 646 2743 —
663 2730 692 2751 c.
709 2719 861 2751 Lacune.
883 2719 1014 2752 Guizot
1035 2730 1191 2762 proposc
1208 2731 1255 2751 un
1281 2722 1357 2751 mot
1377 2720 1488 2761 ayant
1508 2720 1540 2751 le
1565 2729 1648 2750 sens

148 2758 312 2808 d'eoeiqer
339 2760 463 2803 (Goll.‚
480 2761 507 2794 t.
532 2761 593 2800 lx,
618 2772 654 2803 p.
674 2763 745 2801 435,
774 2771 808 2793 n.
840 2762 884 2803 1).
904 2779 941 2786 -
964 2761 1000 2794 d.
1014 2762 1180 2804 primevo
1197 2762 1242 2794 D.
1268 2781 1307 2785 —
1339 2771 1368 2794 e.
1404 2762 1503 2793 Corr.
1534 2762 1578 2792 de
1602 2761 1646 2794 D.

144 2811 253 2844 parv:
274 2802 369 2835 B.—
393 2802 421 2844 f.
452 2802 552 2836 Corr.
580 2804 625 2835 de
654 2803 698 2835 D.
718 2803 914 2846 procurati
937 2804 976 2836 B.
