1930 3224
298 283 353 322 3ss
708 296 804 324 vim.
844 295 1035 324 Gulsssm'l
1069 295 1174 324 vim:
1206 295 1327 323 Lmen
1361 296 1372 323 1

293 393 427 436 rebus
453 410 478 435 a
515 410 561 436 se
583 393 853 451 contemptis
877 385 1117 435 inferciens
1132 400 1166 446 «Ἰ,
1197 393 1297 435 aliis
1324 393 1458 435 etiam
1482 392 1540 434 ad
1570 393 1666 434 haec
1686 391 1783 450 ipsa

290 461 521 504 trahendis
541 461 614 518 pia
650 476 827 519 semper
855 461 1094 503 venatione
1119 461 1347 503 tendebat.
1385 461 1449 503 At
1472 460 1649 502 feminae
1665 458 1686 487 ¹²
1711 459 1783 502 iti-

290 529 391 571 dem
413 529 616 586 insignes
641 529 905 571 maritorum
932 528 1175 571 celebrium
1201 528 1439 586 jugalitate
1462 527 1654 585 deserta,
1686 532 1732 570 et
1754 542 1779 570 a

289 596 375 654 piis
427 597 637 639 cordibus
687 596 929 639 liberorum
981 596 1259 639 caritudinec
1325 596 1548 648 abstenta,
1605 594 1781 638 collatis

288 665 399 706 inibi
434 664 609 722 opibus,
649 664 965 707 ecclesiasticis
989 680 1036 707 se
1063 664 1299 722 stipendiis
1319 663 1658 706 contradebant.
1691 662 1779 716 Qui

287 748 409 787 vero,
429 733 501 774 vel
519 748 618 790 quae
633 748 722 774 non
742 737 950 790 poterant
963 732 1098 774 rebus
1113 732 1168 774 ad
1183 732 1408 789 integrum
1422 731 1742 774 abrenunciare
1756 729 1778 758 ‘¹

286 801 524 857 possessis,
549 816 624 842 eos
639 801 716 858 qui
735 800 1166 843 abrenunciaverant
1181 808 1196 827 ‘³
1222 800 1389 843 crebris
1422 799 1779 842 substantiarum

286 884 468 910 suarum
521 868 837 926 largitionibus
897 868 1228 923 sustentabant,
1283 868 1494 910 ecclesias
1539 872 1584 910 et
1621 866 1778 910 altaria

286 933 427 979 m'ulta
449 936 878 992 jocundissimorum
901 952 1136 979 munerum
1157 935 1384 979 oblatione
1411 934 1774 986 circundabants,

283 1009 328 1046 et
359 1004 585 1046 orationes
612 1012 699 1047 acff
725 1005 796 1062 pie
821 1005 1002 1047 vivendi
1030 1005 1228 1057 modum,
1262 1019 1396 1062 quem
1423 1003 1536 1046 tales
1556 1002 1776 1046 imitando

284 1072 568 1129 exequi-non
598 1077 823 1130 poterant,
853 1073 955 1115 talia
979 1073 1192 1115 facientes
1222 1072 1415 1130 propriis
1438 1071 1495 1113 ad
1531 1070 1578 1113 id
1609 1070 1777 1113 facien-

284 1139 391 1181 dum
431 1140 633 1198 juvando
661 1140 944 1193 substantiis,
991 1140 1038 1182 in
1064 1145 1283 1198 quantum
1317 1139 1504 1182 licuerat
1543 1153 1777 1197 exaequare

283 1208 544 1252 studebant.
944 1198 948 1202 ⁴

342 1276 472 1318 Unde
499 1276 705 1334 contigit,
736 1267 788 1319 ut
814 1276 883 1318 his
910 1276 1203 1333 temporibus,
1235 1280 1279 1318 et
1311 1275 1598 1318 multitudine
1633 1274 1776 1317 datio-

281 1359 389 1386 num
413 1349 456 1386 et
480 1344 699 1397 dantium,
736 1344 873 1386 immo
893 1344 912 1370 '¹
941 1345 1084 1400 magis
1116 1343 1341 1386 sollertiai
1368 1344 1423 1386 ad
1444 1343 1528 1386 hoc
1554 1342 1773 1401 propositi

279 1412 572 1464 venientium,
595 1412 884 1455 ecclesiarum
912 1412 1185 1454 habitatores
1216 1412 1482 1454 multimoda
1510 1426 1593 1465 sua,
1613 1426 1772 1468 procu-

278 1480 450 1522 ratione
468 1480 741 1537 juvantium,
771 1480 816 1522 in
847 1485 1024 1522 tantum
1048 1484 1430 1539 *promoverentur
1462 1478 1682 1531 coenobia,
1720 1482 1770 1521 ut

279 1548 499 1590 cotidiana
516 1548 535 1574 '⁸'
554 1548 609 1590 ab
627 1549 733 1599 illis,
752 1548 829 1606 qui
852 1553 960 1590 tunc
981 1547 1215 1600 florebant,
1241 1547 1450 1600 statibus,
1476 1562 1555 1605 per
1573 1561 1771 1589 succres-

277 1621 452 1658 centem
485 1616 802 1658 modernorum
841 1616 1086 1673 nequitiam
1130 1616 1368 1659 videantur
1399 1615 1594 1657 incidere
1629 1614 1769 1656 detri-

278 1688 440 1726 menta.
491 1685 591 1727 Jam
638 1700 757 1726 nunc
801 1684 936 1737 enim,
985 1684 1097 1741 proh
1143 1682 1301 1726 dolor!
1343 1699 1459 1741 quae,
1510 1681 1769 1739 hujusmodi

274 1752 510 1794 affectione
556 1752 764 1810 permoti,
806 1752 917 1794 locis
959 1741 1096 1793 sacris
1147 1751 1377 1793 contulere
1421 1755 1646 1808 parentes,
1692 1753 1770 1792 aut

274 1820 452 1877 penitus
482 1820 767 1873 subtrahunt,
792 1825 869 1862 aut
898 1819 1075 1862 crebras
1101 1819 1433 1876 redemptiones
1460 1818 1641 1875 exigere
1678 1832 1769 1859 non

273 1887 484 1930 desinunt
497 1888 592 1941 filii,
612 1904 636 1930 a
651 1892 828 1945 patrum
843 1887 1151 1930 voluntatibus
1164 1902 1490 1945 usquequaque
1500 1886 1765 1944 degeneres.

829 2059 1056 2118 [CAPUT
1089 2060 1172 2102 XII
1191 2060 1203 2117 1

329 2201 403 2244 Ad
424 2206 466 2243 te
481 2201 662 2243 tandem
685 2204 786 2257 post
809 2201 888 2242 has
912 2199 1275 2241 ratiocinationes
1299 2199 1446 2252 redeo,
1473 2198 1594 2240 Deus
1616 2212 1758 2246 meus,

269 2284 404 2327 super
429 2269 550 2311 illius
583 2268 710 2310 bonae
734 2268 948 2321 mulieris,
974 2267 1128 2310 matris
1155 2282 1281 2320 meae,
1312 2265 1620 2309 conversione.
1651 2263 1761 2316 Quae

268 2338 506 2395 siquidem,
533 2336 587 2379 ab
611 2337 741 2378 annis
767 2337 840 2377 vix
869 2335 1096 2377 nubilibus
1128 2335 1244 2392 patri
1283 2350 1399 2389 meo,
1443 2348 1628 2391 prorsus
1657 2331 1763 2375 ado—

266 2406 470 2457 lescenti,
506 2420 589 2447 avo
618 2420 715 2447 meo
742 2404 1022 2462 providente,
1059 2403 1325 2454 contradita,
1362 2418 1463 2444 cum
1499 2405 1618 2444 esset
1647 2400 1759 2443 scito

266 2474 508 2516 admodum
533 2473 678 2526 vultu,
708 2477 752 2514 et
774 2472 862 2513 oris
880 2471 1141 2514 habitudine
1164 2470 1429 2513 naturaliter
1460 2485 1511 2512 ac
1537 2463 1758 2511 decentis-

264 2542 375 2584 sime
393 2541 518 2599 gravi
535 2541 734 2598 ingenita
750 2540 775 2593 l,
800 2544 952 2582 tamen
978 2538 1119 2581 divini
1140 2538 1334 2581 nominis
1347 2538 1555 2587 timorem
1579 2537 1625 2578 in
1643 2535 1755 2594 ipsis

263 2610 463 2667 pueritiae
492 2608 732 2667 parturivit
769 2607 924 2649 initiis.
966 2607 1031 2648 Ita
1065 2606 1184 2648 enim
1217 2621 1306 2647 non
1346 2604 1637 2663 experientia,
1673 2603 1753 2645 sed

302 2749 333 2770 a.
353 2738 512 2778 inferens·
532 2739 573 2770 D.
595 2756 636 2761 —
650 2737 683 2769 b.
704 2736 860 2775 foemt'nae
878 2737 919 2767 D.
946 2754 981 2759 —-
997 2746 1027 2767 c.
1053 2746 1205 2776 manque
1224 2736 1267 2766 D.
1291 2752 1332 2757 —-
1349 2734 1383 2772 (1.
1410 2732 1626 2765 renuntiare
1646 2733 1690 2765 D.
1706 2749 1748 2756 -—

263 2789 293 2812 e.
312 2780 658 2812 abrenuntiaverant
687 2779 731 2809 D.
750 2796 790 2800 ——
805 2778 832 2818 f.
855 2776 1129 2809 circumdabant
1163 2777 1205 2808 D.
1241 2795 1277 2799 —-
1302 2787 1338 2818 9.
1366 2775 1529 2807 oratione
1545 2775 1610 2806 hac
1635 2773 1679 2806 D.
1701 2792 1741 2797 —

263 2822 298 2852 h.
316 2821 385 2852 ἰιηό
404 2822 446 2852 D.
462 2839 502 2844 —
514 2821 535 2852 i.
552 2820 700 2852 solercia
712 2820 755 2851 D.
773 2820 857 2851 —k.
877 2818 1090 2860 quotidiana
1102 2818 1145 2849 D.
1161 2836 1202 2841 —-
1217 2818 1239 2849 l.
1255 2816 1457 2859 inqenitum
1472 2817 1511 2848 B.
1531 2816 1688 2858 inqenua
1700 2816 1743 2847 D,
