1930 3224
278 239 332 283 60
687 258 786 288 VEN.
822 257 1013 286 Guissssa‘ri
1046 259 1152 287 vrrAE
1185 260 1303 288 Limen
1336 261 1348 288 1

338 355 453 398 Cum
474 355 856 413 enimtaliquando
876 357 1036 414 spiritu
1061 358 1223 400 acediae
1243 359 1284 387 ³¹
1314 359 1556 403 ventilarer
1578 361 1763 419 (multas

282 424 402 467 enim
429 424 700 467 invidentias
725 424 780 466 ab
807 425 862 466 iis
882 424 959 483 qui
982 441 1116 483 supra
1142 430 1186 469 et
1199 427 1327 484 juxta
1356 442 1427 470 me
1453 433 1594 482 erant,
1619 429 1764 487 patie-

284 492 376 548 bar)
411 497 647 550 parentum
679 508 881 534 meorum
910 493 1195 536 adminiculis
1221 495 1474 552 aspirabam
1501 496 1557 539 ad
1581 502 1766 542 externa

283 560 554 603 monasteria
582 561 891 618 commigrare.
928 561 1046 603 Nam
1080 563 1349 605 nostratium
1382 563 1537 622 aliqui,
1565 580 1668 608 cum
1692 581 1766 610 me

283 629 392 671 olim
418 629 551 686 longe
578 629 691 671 infra
724 644 770 671 se
797 634 927 671 aetate
952 645 1001 671 ac
1028 629 1186 684 literis,
1210 631 1410 688 potentia
1439 637 1482 675 et
1510 633 1764 689 cognitione

282 697 520 750 vidissent,
549 701 607 749 et,
638 697 778 739 solius
799 697 896 754 ejus
913 696 1031 739 dono
1046 698 1143 756 ipso
1165 698 1365 742 discendi
1386 700 1634 758 appetitum
1652 701 1764 745 meis

283 765 490 807 sensibus
523 765 847 822 instinguente,
883 765 960 823 qui
992 766 1131 808 totius
1166 771 1235 808 est
1265 767 1405 810 clavis
1443 768 1656 823 scientiae,
1691 785 1763 813 me

282 833 367 876 sibi
393 834 634 890 exaequari,
661 838 739 876 aut
758 834 958 887 omnino,
979 834 1016 876 si
1037 834 1124 876 dici
1147 834 1214 876 fas
1237 840 1321 888 est,
1341 836 1560 879 excellere
1579 852 1764 895 persen-

283 901 465 954 sissent,
501 906 627 944 tanto
660 901 807 944 furore
846 902 1084 944 adversum
1125 918 1195 944 me
1233 919 1387 946 eorum
1427 904 1769 961 indignabunda

282 970 522 1012 excanduit
562 970 778 1027 nequitia,
810 975 860 1012 ut
895 986 982 1022 me,
1023 970 1333 1028 frequentibus
1370 973 1686 1016 controversiis
1721 978 1766 1016 et

284 1037 589 1080 simultatibus
616 1037 869 1096 fatigatum,
898 1038 1160 1081 multotiens
1178 1044 1221 1081 et
1247 1039 1414 1081 vidisse
1438 1043 1483 1082 et
1504 1041 1643 1084 scisse
1668 1041 1767 1084 lite-

282 1122 355 1149 ras
374 1106 625 1164 poeniteret.
660 1106 867 1148 Studium
899 1106 1031 1164 plane
1058 1122 1208 1149 meum
1234 1106 1289 1149 ab
1322 1107 1386 1150 eis
1414 1112 1647 1166 tantopere
1670 1114 1766 1152 tur-

283 1174 491 1227 babatur,
516 1190 567 1217 ac
592 1179 676 1228 tot,
699 1175 754 1217 de
779 1175 890 1232 ipsis
915 1175 1058 1217 literis
1079 1180 1257 1233 sumpta
1281 1175 1528 1230 occasione,
1554 1191 1633 1235 per
1661 1192 1767 1220 con-

282 1243 433 1285 tinuas
453 1243 724 1301 quaestiones
737 1243 885 1300 jurgia
907 1242 1208 1297 motabantur,
1229 1248 1279 1286 ut
1295 1244 1351 1286 ad
1368 1244 1452 1287 hoc
1470 1244 1633 1298 solum,
1658 1260 1765 1303 qua-

282 1311 405 1353 tinus
431 1311 486 1353 ab
507 1326 558 1353 ea
585 1327 688 1354 cura
715 1326 810 1353 mea
845 1311 1037 1354 resiliret
1061 1311 1251 1354 intentio
1283 1327 1522 1370 meumque
1543 1313 1764 1372 praepedi-

283 1385 405 1422 retur
436 1380 685 1436 ingenium,
709 1379 818 1422 eniti
843 1379 1119 1422 viderentur.
1147 1379 1252 1433 Sed,
1282 1380 1398 1422 sicut
1417 1379 1567 1423 oleum
1584 1381 1763 1434 ,camino

286 1448 506 1501 additum,
534 1449 653 1491 unde
680 1452 862 1506 putatur
894 1448 1172 1505 extinguere,
1198 1448 1301 1490 inde
1333 1449 1513 1491 flamma
1541 1439 1762 1498 vivaciore

283 1517 523 1575 proserpit,
567 1532 619 1558 eo
657 1516 800 1559 instar
837 1516 1002 1558 clibani
1037 1531 1124 1573 quo
1165 1516 1359 1573 amplius
1397 1531 1494 1559 mea
1539 1532 1673 1574 super
1712 1533 1763 1560 eo

281 1585 434 1627 labore
473 1585 653 1627 solertia
691 1584 991 1642 premebatur,
1028 1588 1154 1626 tanto
1190 1584 1284 1626 suis
1330 1583 1503 1627 reddita
1543 1585 1764 1628 valentior

281 1652 465 1696 aestibus
485 1653 532 1695 in
555 1653 716 1695 melius
742 1652 971 1709 agebatur.
1000 1652 1295 1705 Quaestiones,
1323 1652 1486 1711 quibus
1511 1653 1764 1696 aestimabar

282 1721 487 1774 obtundi,
513 1721 823 1778 intelligentiae
841 1721 1081 1778 plurimam
1101 1720 1211 1762 mihi
1230 1720 1519 1763 acrimoniam
1537 1721 1764 1765 ministra-

280 1789 405 1842 bant,
420 1794 464 1831 et
478 1785 780 1846 objectionum
801 1788 1088 1831 difficultates
1106 1787 1256 1830 crebra
1276 1788 1633 1845 conjecturarum
1647 1804 1765 1832 mea-

280 1873 380 1900 rum
420 1857 721 1899 ruminatione
752 1862 795 1899 et
843 1857 1123 1899 diversorum
1167 1856 1419 1898 versatione
1463 1856 1762 1911 voluminum,

283 1925 667 1983 multiplicitatem
700 1940 915 1967 sensuum
954 1929 998 1966 et
1038 1924 1338 1981 respondendi
1369 1924 1480 1966 mihi
1522 1924 1765 1968 efficaciam

282 1992 530 2051 pariebant.
563 1993 659 2035 Hoc
686 1993 837 2051 itaque
867 1992 1017 2045 modo,
1039 1993 1123 2034 etsi
1139 1992 1405 2047 gravissime
1426 1991 1491 2034 eis
1513 1992 1766 2036 invidiosus

282 2077 421 2114 eram,
448 2067 497 2104 tu
517 2066 669 2103 tamen
695 2061 832 2113 nosti,
859 2060 1068 2112 Domine,
1097 2075 1232 2118 quam
1254 2075 1412 2116 parum
1432 2064 1509 2102 aut
1528 2059 1641 2102 nihil
1662 2060 1765 2102 tali—

282 2129 366 2171 bus
398 2129 672 2182 invidebam,
702 2134 762 2182 et,
786 2144 887 2171 cum
919 2133 1073 2170 notam
1097 2128 1153 2169 ad
1177 2143 1308 2169 suum
1335 2128 1445 2169 mihi
1463 2127 1644 2170 libitum
1666 2133 1763 2171 tur-

280 2213 383 2256 pem
416 2213 507 2239 non
537 2202 724 2255 possent
759 2198 952 2249 inurere,
990 2195 1253 2238 astruebant
1273 2211 1345 2238 me
1373 2195 1540 2253 ubique
1565 2195 1764 2239 rodendo

282 2282 362 2324 pro
390 2266 625 2309 scientiola
646 2266 889 2323 superbire.

343 2334 463 2377 Inter
509 2334 590 2376 has
632 2334 785 2390 igitur,
831 2349 942 2390 quas
974 2332 1171 2375 ferebam
1194 2332 1439 2389 aegerrime,
1488 2332 1760 2386 vexationes,

286 2403 391 2446 licet
419 2403 465 2445 in
498 2402 757 2460 hujusmodi
789 2401 984 2459 angariis
1020 2401 1243 2443 uberrime
1281 2400 1611 2458 parturirentur
1642 2400 1767 2444 utili-

287 2476 420 2525 tates,
454 2471 753 2514 lassabundus
779 2470 956 2512 animus
986 2469 1069 2512 sub
1102 2469 1275 2511 infinita
1303 2468 1572 2526 aliquotiens
1601 2468 1768 2526 cogita-

324 2609 355 2632 ἃ.
380 2600 480 2632 Corr.
499 2600 543 2631 de
567 2600 611 2630 D.
629 2598 776 2630 accidiae
798 2599 839 2630 B.

327 2782 355 2809 1.
380 2790 421 2806 z
438 2777 602 2809 Anxictc.
621 2778 699 2809 Mot
716 2778 759 2808 dc
777 2777 807 2808 la
823 2777 1022 2808 decadence
1034 2786 1041 2815 3
1054 2775 1261 2808 acediari:
1277 2774 1421 2807 souffrir
1434 2784 1522 2806 avec
1538 2774 1764 2816 impatience.
