<?xml version="1.0" encoding="UTF-8"?>
<!DOCTYPE html PUBLIC "-//W3C//DTD XHTML 1.0 Transitional//EN"
    "http://www.w3.org/TR/xhtml1/DTD/xhtml1-transitional.dtd">
<html xmlns="http://www.w3.org/1999/xhtml" xml:lang="en" lang="en">
 <head>
  <title>
</title>
<meta http-equiv="Content-Type" content="text/html;charset=utf-8" />
  <meta name='ocr-system' content='tesseract 3.04.00' />
  <meta name='ocr-capabilities' content='ocr_page ocr_carea ocr_par ocr_line ocrx_word'/>
</head>
<body>
  <div class='ocr_page' id='page_1' title='image "./histoiredesavie100guibuoft_0199.png"; bbox 0 0 1930 3224; ppageno 0'>
   <div class='ocr_carea' id='block_1_1' title="bbox 0 0 338 292">
    <p class='ocr_par' dir='ltr' id='par_1_1' title="bbox 0 0 338 292">
     <span class='ocr_line' id='line_1_1' title="bbox 0 0 338 292; baseline 0 2932"><span class='ocrx_word' id='word_1_1' title='bbox 0 0 338 292; x_wconf 95' lang='lat' dir='ltr'> </span> 
     </span>
    </p>
   </div>
   <div class='ocr_carea' id='block_1_2' title="bbox 568 207 1645 250">
    <p class='ocr_par' dir='ltr' id='par_1_2' title="bbox 568 207 1645 250">
     <span class='ocr_line' id='line_1_2' title="bbox 568 207 1645 250; baseline 0.002 -3"><span class='ocrx_word' id='word_1_2' title='bbox 568 217 667 247; x_wconf 82' lang='lat' dir='ltr'>VEN.</span> <span class='ocrx_word' id='word_1_3' title='bbox 703 218 895 248; x_wconf 76' lang='lat' dir='ltr'>GUlBERTl</span> <span class='ocrx_word' id='word_1_4' title='bbox 929 218 1035 248; x_wconf 65' lang='lat' dir='ltr'>vim:</span> <span class='ocrx_word' id='word_1_5' title='bbox 1069 219 1190 248; x_wconf 80' lang='lat' dir='ltr'>LIBER</span> <span class='ocrx_word' id='word_1_6' title='bbox 1223 221 1253 248; x_wconf 90' lang='lat'>11</span> <span class='ocrx_word' id='word_1_7' title='bbox 1562 207 1645 250; x_wconf 76' lang='lat'>125</span> 
     </span>
    </p>
   </div>
   <div class='ocr_carea' id='block_1_3' title="bbox 91 318 1649 2375">
    <p class='ocr_par' dir='ltr' id='par_1_3' title="bbox 145 318 1648 930">
     <span class='ocr_line' id='line_1_3' title="bbox 149 318 1643 378; baseline 0 -15"><span class='ocrx_word' id='word_1_8' title='bbox 149 320 283 378; x_wconf 85' lang='lat' dir='ltr'>longe</span> <span class='ocrx_word' id='word_1_9' title='bbox 302 334 327 362; x_wconf 85' lang='lat' dir='ltr'>a</span> <span class='ocrx_word' id='word_1_10' title='bbox 350 323 491 362; x_wconf 85' lang='lat' dir='ltr'>strata</span> <span class='ocrx_word' id='word_1_11' title='bbox 515 319 693 376; x_wconf 89' lang='lat' dir='ltr'>publica</span> <span class='ocrx_word' id='word_1_12' title='bbox 726 318 984 375; x_wconf 83' lang='lat' dir='ltr'>plangentis</span> <span class='ocrx_word' id='word_1_13' title='bbox 1007 319 1180 362; x_wconf 87' lang='lat' dir='ltr'>audivit</span> <span class='ocrx_word' id='word_1_14' title='bbox 1202 334 1375 362; x_wconf 90' lang='lat' dir='ltr'>vocem.</span> <span class='ocrx_word' id='word_1_15' title='bbox 1404 318 1643 372; x_wconf 72' lang='lat' dir='ltr'>Quaeritur,</span> 
     </span>
     <span class='ocr_line' id='line_1_4' title="bbox 148 387 1647 447; baseline -0.001 -16"><span class='ocrx_word' id='word_1_16' title='bbox 148 387 386 447; x_wconf 88' lang='lat' dir='ltr'>reperitur,</span> <span class='ocrx_word' id='word_1_17' title='bbox 434 387 538 446; x_wconf 91' lang='lat' dir='ltr'>quia</span> <span class='ocrx_word' id='word_1_18' title='bbox 576 403 666 429; x_wconf 86' lang='lat' dir='ltr'>vox</span> <span class='ocrx_word' id='word_1_19' title='bbox 713 391 807 429; x_wconf 87' lang='lat' dir='ltr'>erat</span> <span class='ocrx_word' id='word_1_20' title='bbox 852 403 876 429; x_wconf 88' lang='lat' dir='ltr'>a</span> <span class='ocrx_word' id='word_1_21' title='bbox 924 388 1107 430; x_wconf 91' lang='lat' dir='ltr'>domino</span> <span class='ocrx_word' id='word_1_22' title='bbox 1152 403 1250 440; x_wconf 90' lang='lat' dir='ltr'>suo,</span> <span class='ocrx_word' id='word_1_23' title='bbox 1292 403 1347 430; x_wconf 87' lang='lat' dir='ltr'>ex</span> <span class='ocrx_word' id='word_1_24' title='bbox 1394 387 1490 430; x_wconf 89' lang='lat' dir='ltr'>sola</span> <span class='ocrx_word' id='word_1_25' title='bbox 1537 403 1647 431; x_wconf 90' lang='lat' dir='ltr'>voce</span> 
     </span>
     <span class='ocr_line' id='line_1_5' title="bbox 149 456 1648 516; baseline -0.001 -15"><span class='ocrx_word' id='word_1_26' title='bbox 149 456 451 516; x_wconf 83' lang='lat' dir='ltr'>cognoscitur.</span> <span class='ocrx_word' id='word_1_27' title='bbox 483 456 792 512; x_wconf 84' lang='lat' dir='ltr'>Interrogatus</span> <span class='ocrx_word' id='word_1_28' title='bbox 817 457 1044 514; x_wconf 89' lang='lat' dir='ltr'>quomodo</span> <span class='ocrx_word' id='word_1_29' title='bbox 1071 457 1178 499; x_wconf 93' lang='lat' dir='ltr'>illuc</span> <span class='ocrx_word' id='word_1_30' title='bbox 1208 456 1480 509; x_wconf 81' lang='lat' dir='ltr'>devenisset,</span> <span class='ocrx_word' id='word_1_31' title='bbox 1512 456 1648 499; x_wconf 81' lang='lat' dir='ltr'>refert</span> 
     </span>
     <span class='ocr_line' id='line_1_6' title="bbox 147 524 1647 583; baseline -0.002 -13"><span class='ocrx_word' id='word_1_32' title='bbox 147 541 247 571; x_wconf 88' lang='lat' dir='ltr'>sero</span> <span class='ocrx_word' id='word_1_33' title='bbox 264 541 312 568; x_wconf 88' lang='lat' dir='ltr'>se</span> <span class='ocrx_word' id='word_1_34' title='bbox 339 524 477 568; x_wconf 86' lang='lat' dir='ltr'>fuisse</span> <span class='ocrx_word' id='word_1_35' title='bbox 506 524 723 577; x_wconf 84' lang='lat' dir='ltr'>Caluiaci,</span> <span class='ocrx_word' id='word_1_36' title='bbox 757 529 802 566; x_wconf 89' lang='lat' dir='ltr'>et</span> <span class='ocrx_word' id='word_1_37' title='bbox 825 525 1020 582; x_wconf 85' lang='lat' dir='ltr'>qualiter</span> <span class='ocrx_word' id='word_1_38' title='bbox 1051 525 1234 578; x_wconf 88' lang='lat' dir='ltr'>ibidem,</span> <span class='ocrx_word' id='word_1_39' title='bbox 1269 525 1449 568; x_wconf 91' lang='lat' dir='ltr'>diabolo</span> <span class='ocrx_word' id='word_1_40' title='bbox 1485 541 1647 583; x_wconf 85' lang='lat' dir='ltr'>expor-</span> 
     </span>
     <span class='ocr_line' id='line_1_7' title="bbox 147 593 1648 652; baseline -0.001 -14"><span class='ocrx_word' id='word_1_41' title='bbox 147 599 290 647; x_wconf 79' lang='lat' dir='ltr'>tante,</span> <span class='ocrx_word' id='word_1_42' title='bbox 313 593 546 637; x_wconf 88' lang='lat' dir='ltr'>corruerit.</span> <span class='ocrx_word' id='word_1_43' title='bbox 578 593 798 635; x_wconf 88' lang='lat' dir='ltr'>Dominus</span> <span class='ocrx_word' id='word_1_44' title='bbox 823 593 932 635; x_wconf 88' lang='lat' dir='ltr'>satis</span> <span class='ocrx_word' id='word_1_45' title='bbox 960 609 1183 652; x_wconf 84' lang='lat' dir='ltr'>superque</span> <span class='ocrx_word' id='word_1_46' title='bbox 1202 594 1391 637; x_wconf 85' lang='lat' dir='ltr'>miratus</span> <span class='ocrx_word' id='word_1_47' title='bbox 1417 594 1648 637; x_wconf 89' lang='lat' dir='ltr'>hominem</span> 
     </span>
     <span class='ocr_line' id='line_1_8' title="bbox 146 661 1642 722; baseline -0.001 -16"><span class='ocrx_word' id='word_1_48' title='bbox 146 663 194 706; x_wconf 91' lang='lat' dir='ltr'>in</span> <span class='ocrx_word' id='word_1_49' title='bbox 216 662 469 722; x_wconf 83' lang='lat' dir='ltr'>proximam</span> <span class='ocrx_word' id='word_1_50' title='bbox 495 661 658 704; x_wconf 85' lang='lat' dir='ltr'>extulit</span> <span class='ocrx_word' id='word_1_51' title='bbox 697 661 942 714; x_wconf 89' lang='lat' dir='ltr'>civitatem,</span> <span class='ocrx_word' id='word_1_52' title='bbox 982 661 1035 704; x_wconf 86' lang='lat' dir='ltr'>de</span> <span class='ocrx_word' id='word_1_53' title='bbox 1063 662 1156 704; x_wconf 89' lang='lat' dir='ltr'>suis</span> <span class='ocrx_word' id='word_1_54' title='bbox 1192 662 1397 720; x_wconf 84' lang='lat' dir='ltr'>praebens</span> <span class='ocrx_word' id='word_1_55' title='bbox 1425 663 1642 720; x_wconf 88' lang='lat' dir='ltr'>pecuniis,</span> 
     </span>
     <span class='ocr_line' id='line_1_9' title="bbox 146 730 1646 790; baseline 0 -15"><span class='ocrx_word' id='word_1_56' title='bbox 146 731 266 775; x_wconf 91' lang='lat' dir='ltr'>unde</span> <span class='ocrx_word' id='word_1_57' title='bbox 287 746 419 774; x_wconf 90' lang='lat' dir='ltr'>suum</span> <span class='ocrx_word' id='word_1_58' title='bbox 439 735 615 772; x_wconf 81' lang='lat' dir='ltr'>curaret</span> <span class='ocrx_word' id='word_1_59' title='bbox 648 730 844 772; x_wconf 91' lang='lat' dir='ltr'>reditum</span> <span class='ocrx_word' id='word_1_60' title='bbox 880 735 924 772; x_wconf 86' lang='lat' dir='ltr'>et</span> <span class='ocrx_word' id='word_1_61' title='bbox 958 730 1283 774; x_wconf 83' lang='lat' dir='ltr'>infirmitatem.</span> <span class='ocrx_word' id='word_1_62' title='bbox 1321 731 1391 774; x_wconf 88' lang='lat' dir='ltr'>Ex</span> <span class='ocrx_word' id='word_1_63' title='bbox 1433 732 1504 774; x_wconf 93' lang='lat' dir='ltr'>his</span> <span class='ocrx_word' id='word_1_64' title='bbox 1541 748 1646 790; x_wconf 86' lang='lat' dir='ltr'>ergo</span> 
     </span>
     <span class='ocr_line' id='line_1_10' title="bbox 145 797 1645 860; baseline 0 -17"><span class='ocrx_word' id='word_1_65' title='bbox 145 815 246 860; x_wconf 84' lang='lat' dir='ltr'>quae</span> <span class='ocrx_word' id='word_1_66' title='bbox 266 814 428 858; x_wconf 89' lang='lat' dir='ltr'>passus</span> <span class='ocrx_word' id='word_1_67' title='bbox 445 803 516 843; x_wconf 87' lang='lat' dir='ltr'>est</span> <span class='ocrx_word' id='word_1_68' title='bbox 541 797 699 841; x_wconf 84' lang='lat' dir='ltr'>didicit</span> <span class='ocrx_word' id='word_1_69' title='bbox 722 804 766 840; x_wconf 91' lang='lat' dir='ltr'>et</span> <span class='ocrx_word' id='word_1_70' title='bbox 799 798 951 841; x_wconf 91' lang='lat' dir='ltr'>docuit</span> <span class='ocrx_word' id='word_1_71' title='bbox 981 799 1142 851; x_wconf 85' lang='lat' dir='ltr'>Deum,</span> <span class='ocrx_word' id='word_1_72' title='bbox 1175 815 1265 842; x_wconf 92' lang='lat' dir='ltr'>non</span> <span class='ocrx_word' id='word_1_73' title='bbox 1303 800 1533 843; x_wconf 79' lang='lat' dir='ltr'>daemones</span> <span class='ocrx_word' id='word_1_74' title='bbox 1564 817 1645 859; x_wconf 90' lang='lat' dir='ltr'>pro</span> 
     </span>
     <span class='ocr_line' id='line_1_11' title="bbox 147 870 660 930; baseline -0.004 -16"><span class='ocrx_word' id='word_1_75' title='bbox 147 871 342 930; x_wconf 81' lang='lat' dir='ltr'>negotiis</span> <span class='ocrx_word' id='word_1_76' title='bbox 366 870 660 913; x_wconf 82' lang='lat' dir='ltr'>invocandos.</span> 
     </span>
    </p>

    <p class='ocr_par' dir='ltr' id='par_1_4' title="bbox 91 939 1649 2375">
     <span class='ocr_line' id='line_1_12' title="bbox 206 939 1649 998; baseline 0.001 -15"><span class='ocrx_word' id='word_1_77' title='bbox 206 940 345 998; x_wconf 90' lang='lat' dir='ltr'>Apud</span> <span class='ocrx_word' id='word_1_78' title='bbox 370 939 587 983; x_wconf 87' lang='lat' dir='ltr'>Sanctum</span> <span class='ocrx_word' id='word_1_79' title='bbox 616 939 912 981; x_wconf 84' lang='lat' dir='ltr'>Medardum1</span> <span class='ocrx_word' id='word_1_80' title='bbox 948 939 1105 982; x_wconf 89' lang='lat' dir='ltr'>itidem</span> <span class='ocrx_word' id='word_1_81' title='bbox 1144 940 1279 982; x_wconf 92' lang='lat' dir='ltr'>homo</span> <span class='ocrx_word' id='word_1_82' title='bbox 1310 945 1420 993; x_wconf 90' lang='lat' dir='ltr'>erat,</span> <span class='ocrx_word' id='word_1_83' title='bbox 1460 941 1581 984; x_wconf 91' lang='lat' dir='ltr'>idem</span> <span class='ocrx_word' id='word_1_84' title='bbox 1602 941 1649 984; x_wconf 88' lang='lat' dir='ltr'>in</span> 
     </span>
     <span class='ocr_line' id='line_1_13' title="bbox 147 1003 1648 1067; baseline 0 -15"><span class='ocrx_word' id='word_1_85' title='bbox 147 1008 325 1052; x_wconf 79' lang='lat' dir='ltr'>abbatia</span> <span class='ocrx_word' id='word_1_86' title='bbox 362 1007 462 1066; x_wconf 86' lang='lat' dir='ltr'>ipsa</span> <span class='ocrx_word' id='word_1_87' title='bbox 503 1007 674 1050; x_wconf 87' lang='lat' dir='ltr'>habens</span> <span class='ocrx_word' id='word_1_88' title='bbox 707 1007 920 1051; x_wconf 87' lang='lat' dir='ltr'>officium.</span> <span class='ocrx_word' id='word_1_89' title='bbox 966 1003 1171 1066; x_wconf 90' lang='lat' dir='ltr'>Cumque</span> <span class='ocrx_word' id='word_1_90' title='bbox 1206 1025 1342 1067; x_wconf 91' lang='lat' dir='ltr'>super</span> <span class='ocrx_word' id='word_1_91' title='bbox 1378 1010 1588 1052; x_wconf 81' lang='lat' dir='ltr'>turritam</span> <span class='ocrx_word' id='word_1_92' title='bbox 1623 1026 1648 1052; x_wconf 88' lang='lat' dir='ltr'>a</span> 
     </span>
     <span class='ocr_line' id='line_1_14' title="bbox 91 1076 1649 1137; baseline -0.001 -14"><span class='ocrx_word' id='word_1_93' title='bbox 91 1121 93 1123; x_wconf 87' lang='lat'>.</span> <span class='ocrx_word' id='word_1_94' title='bbox 147 1082 275 1136; x_wconf 83' lang='lat' dir='ltr'>parte</span> <span class='ocrx_word' id='word_1_95' title='bbox 295 1076 455 1119; x_wconf 84' lang='lat' dir='ltr'>vivarii</span> <span class='ocrx_word' id='word_1_96' title='bbox 474 1081 652 1134; x_wconf 85' lang='lat' dir='ltr'>portam</span> <span class='ocrx_word' id='word_1_97' title='bbox 682 1076 845 1129; x_wconf 80' lang='lat' dir='ltr'>sistris,</span> <span class='ocrx_word' id='word_1_98' title='bbox 873 1092 963 1129; x_wconf 89' lang='lat' dir='ltr'>ore,</span> <span class='ocrx_word' id='word_1_99' title='bbox 994 1082 1039 1120; x_wconf 88' lang='lat' dir='ltr'>et</span> <span class='ocrx_word' id='word_1_100' title='bbox 1069 1077 1281 1120; x_wconf 91' lang='lat' dir='ltr'>cornibus</span> <span class='ocrx_word' id='word_1_101' title='bbox 1313 1078 1649 1137; x_wconf 86' lang='lat' dir='ltr'>aliquantulum</span> 
     </span>
     <span class='ocr_line' id='line_1_15' title="bbox 147 1145 1649 1205; baseline 0.001 -16"><span class='ocrx_word' id='word_1_102' title='bbox 147 1146 294 1189; x_wconf 85' lang='lat' dir='ltr'>noctis</span> <span class='ocrx_word' id='word_1_103' title='bbox 333 1145 606 1203; x_wconf 85' lang='lat' dir='ltr'>pervigilum</span> <span class='ocrx_word' id='word_1_104' title='bbox 666 1161 789 1187; x_wconf 92' lang='lat' dir='ltr'>more</span> <span class='ocrx_word' id='word_1_105' title='bbox 840 1146 1059 1198; x_wconf 83' lang='lat' dir='ltr'>duxisset,</span> <span class='ocrx_word' id='word_1_106' title='bbox 1114 1147 1171 1189; x_wconf 89' lang='lat' dir='ltr'>ad</span> <span class='ocrx_word' id='word_1_107' title='bbox 1209 1151 1464 1189; x_wconf 88' lang='lat' dir='ltr'>extremum</span> <span class='ocrx_word' id='word_1_108' title='bbox 1513 1163 1649 1205; x_wconf 91' lang='lat' dir='ltr'>super</span> 
     </span>
     <span class='ocr_line' id='line_1_16' title="bbox 148 1213 1649 1272; baseline 0.001 -14"><span class='ocrx_word' id='word_1_109' title='bbox 148 1230 274 1258; x_wconf 85' lang='lat' dir='ltr'>oram</span> <span class='ocrx_word' id='word_1_110' title='bbox 306 1229 434 1272; x_wconf 82' lang='lat' dir='ltr'>aquae</span> <span class='ocrx_word' id='word_1_111' title='bbox 458 1214 491 1265; x_wconf 48' lang='lat'>²,</span> <span class='ocrx_word' id='word_1_112' title='bbox 518 1213 888 1257; x_wconf 85' lang='lat' dir='ltr'>deambulaturus</span> <span class='ocrx_word' id='word_1_113' title='bbox 918 1215 1226 1258; x_wconf 85' lang='lat' dir='ltr'>descenderat.</span> <span class='ocrx_word' id='word_1_114' title='bbox 1266 1215 1350 1258; x_wconf 80' lang='lat' dir='ltr'>Cui</span> <span class='ocrx_word' id='word_1_115' title='bbox 1385 1215 1478 1258; x_wconf 92' lang='lat' dir='ltr'>illic</span> <span class='ocrx_word' id='word_1_116' title='bbox 1507 1217 1649 1259; x_wconf 91' lang='lat' dir='ltr'>stanti</span> 
     </span>
     <span class='ocr_line' id='line_1_17' title="bbox 147 1282 1645 1343; baseline 0.001 -17"><span class='ocrx_word' id='word_1_117' title='bbox 147 1283 285 1326; x_wconf 91' lang='lat' dir='ltr'>trium</span> <span class='ocrx_word' id='word_1_118' title='bbox 321 1282 563 1325; x_wconf 90' lang='lat' dir='ltr'>mulierum</span> <span class='ocrx_word' id='word_1_119' title='bbox 605 1283 776 1341; x_wconf 82' lang='lat' dir='ltr'>species</span> <span class='ocrx_word' id='word_1_120' title='bbox 815 1299 1077 1341; x_wconf 87' lang='lat' dir='ltr'>apparuere,</span> <span class='ocrx_word' id='word_1_121' title='bbox 1113 1299 1306 1343; x_wconf 90' lang='lat' dir='ltr'>quarum</span> <span class='ocrx_word' id='word_1_122' title='bbox 1346 1300 1398 1326; x_wconf 92' lang='lat' dir='ltr'>eo</span> <span class='ocrx_word' id='word_1_123' title='bbox 1434 1285 1645 1328; x_wconf 90' lang='lat' dir='ltr'>audiente</span> 
     </span>
     <span class='ocr_line' id='line_1_18' title="bbox 145 1351 1648 1411; baseline 0.001 -17"><span class='ocrx_word' id='word_1_124' title='bbox 145 1367 234 1395; x_wconf 82' lang='lat' dir='ltr'>una</span> <span class='ocrx_word' id='word_1_125' title='bbox 262 1351 402 1396; x_wconf 87' lang='lat' dir='ltr'>dixit:</span> <span class='ocrx_word' id='word_1_126' title='bbox 433 1369 453 1391; x_wconf 91' lang='lat'>«</span> <span class='ocrx_word' id='word_1_127' title='bbox 484 1352 794 1409; x_wconf 84' lang='lat' dir='ltr'>Ingrediamur</span> <span class='ocrx_word' id='word_1_128' title='bbox 819 1352 865 1393; x_wconf 92' lang='lat' dir='ltr'>in</span> <span class='ocrx_word' id='word_1_129' title='bbox 902 1352 1037 1395; x_wconf 89' lang='lat' dir='ltr'>hunc.</span> <span class='ocrx_word' id='word_1_130' title='bbox 1073 1370 1093 1392; x_wconf 94' lang='lat'>»</span> <span class='ocrx_word' id='word_1_131' title='bbox 1117 1352 1200 1396; x_wconf 91' lang='lat' dir='ltr'>Cui</span> <span class='ocrx_word' id='word_1_132' title='bbox 1223 1352 1392 1396; x_wconf 87' lang='lat' dir='ltr'>altera:</span> <span class='ocrx_word' id='word_1_133' title='bbox 1425 1372 1444 1394; x_wconf 87' lang='lat'>«</span> <span class='ocrx_word' id='word_1_134' title='bbox 1470 1355 1648 1411; x_wconf 85' lang='lat' dir='ltr'>Pauper</span> 
     </span>
     <span class='ocr_line' id='line_1_19' title="bbox 146 1419 1649 1479; baseline 0.001 -15"><span class='ocrx_word' id='word_1_135' title='bbox 146 1425 232 1475; x_wconf 84' lang='lat' dir='ltr'>est,</span> <span class='ocrx_word' id='word_1_136' title='bbox 261 1436 346 1463; x_wconf 92' lang='lat' dir='ltr'>nos</span> <span class='ocrx_word' id='word_1_137' title='bbox 365 1420 480 1463; x_wconf 88' lang='lat' dir='ltr'>bene</span> <span class='ocrx_word' id='word_1_138' title='bbox 514 1419 665 1463; x_wconf 88' lang='lat' dir='ltr'>fovere</span> <span class='ocrx_word' id='word_1_139' title='bbox 702 1436 791 1462; x_wconf 90' lang='lat' dir='ltr'>non</span> <span class='ocrx_word' id='word_1_140' title='bbox 821 1426 988 1479; x_wconf 91' lang='lat' dir='ltr'>posset.</span> <span class='ocrx_word' id='word_1_141' title='bbox 1017 1440 1037 1460; x_wconf 88' lang='lat'>»</span> <span class='ocrx_word' id='word_1_142' title='bbox 1074 1421 1149 1464; x_wconf 91' lang='lat' dir='ltr'>Ad</span> <span class='ocrx_word' id='word_1_143' title='bbox 1184 1421 1279 1464; x_wconf 85' lang='lat' dir='ltr'>haec</span> <span class='ocrx_word' id='word_1_144' title='bbox 1312 1422 1478 1466; x_wconf 87' lang='lat' dir='ltr'>tertia:</span> <span class='ocrx_word' id='word_1_145' title='bbox 1511 1441 1531 1462; x_wconf 92' lang='lat'>«</span> <span class='ocrx_word' id='word_1_146' title='bbox 1565 1425 1649 1466; x_wconf 87' lang='lat' dir='ltr'>Est</span> 
     </span>
     <span class='ocr_line' id='line_1_20' title="bbox 146 1488 1646 1548; baseline 0.001 -16"><span class='ocrx_word' id='word_1_147' title='bbox 146 1489 330 1548; x_wconf 87' lang='lat' dir='ltr'>quidam</span> <span class='ocrx_word' id='word_1_148' title='bbox 353 1489 426 1531; x_wconf 90' lang='lat' dir='ltr'>hic</span> <span class='ocrx_word' id='word_1_149' title='bbox 451 1488 640 1531; x_wconf 91' lang='lat' dir='ltr'>clericus</span> <span class='ocrx_word' id='word_1_150' title='bbox 666 1489 798 1546; x_wconf 87' lang='lat' dir='ltr'>Hugo</span> <span class='ocrx_word' id='word_1_151' title='bbox 822 1489 987 1532; x_wconf 91' lang='lat' dir='ltr'>obesus</span> <span class='ocrx_word' id='word_1_152' title='bbox 1014 1494 1058 1532; x_wconf 92' lang='lat' dir='ltr'>et</span> <span class='ocrx_word' id='word_1_153' title='bbox 1084 1490 1282 1548; x_wconf 82' lang='lat' dir='ltr'>pinguis,</span> <span class='ocrx_word' id='word_1_154' title='bbox 1309 1491 1444 1533; x_wconf 89' lang='lat' dir='ltr'>rebus</span> <span class='ocrx_word' id='word_1_155' title='bbox 1477 1491 1646 1534; x_wconf 90' lang='lat' dir='ltr'>exube-</span> 
     </span>
     <span class='ocr_line' id='line_1_21' title="bbox 146 1557 1645 1616; baseline 0 -17"><span class='ocrx_word' id='word_1_156' title='bbox 146 1573 266 1610; x_wconf 87' lang='lat' dir='ltr'>rans,</span> <span class='ocrx_word' id='word_1_157' title='bbox 303 1557 380 1616; x_wconf 91' lang='lat' dir='ltr'>qui</span> <span class='ocrx_word' id='word_1_158' title='bbox 417 1557 532 1600; x_wconf 90' lang='lat' dir='ltr'>bene</span> <span class='ocrx_word' id='word_1_159' title='bbox 567 1573 650 1600; x_wconf 90' lang='lat' dir='ltr'>nos</span> <span class='ocrx_word' id='word_1_160' title='bbox 690 1558 888 1601; x_wconf 88' lang='lat' dir='ltr'>nutriat:</span> <span class='ocrx_word' id='word_1_161' title='bbox 921 1558 1073 1616; x_wconf 89' lang='lat' dir='ltr'>ipsum</span> <span class='ocrx_word' id='word_1_162' title='bbox 1107 1559 1273 1601; x_wconf 90' lang='lat' dir='ltr'>adoriri</span> <span class='ocrx_word' id='word_1_163' title='bbox 1303 1559 1474 1607; x_wconf 87' lang='lat' dir='ltr'>bonum</span> <span class='ocrx_word' id='word_1_164' title='bbox 1504 1565 1588 1604; x_wconf 86' lang='lat' dir='ltr'>est.</span> <span class='ocrx_word' id='word_1_165' title='bbox 1626 1579 1645 1600; x_wconf 87' lang='lat'>»</span> 
     </span>
     <span class='ocr_line' id='line_1_22' title="bbox 148 1626 1646 1686; baseline 0.001 -17"><span class='ocrx_word' id='word_1_166' title='bbox 148 1626 519 1669; x_wconf 87' lang='lat' dir='ltr'>Inanescentibus</span> <span class='ocrx_word' id='word_1_167' title='bbox 538 1626 646 1679; x_wconf 86' lang='lat' dir='ltr'>illis,</span> <span class='ocrx_word' id='word_1_168' title='bbox 678 1627 812 1669; x_wconf 89' lang='lat' dir='ltr'>homo</span> <span class='ocrx_word' id='word_1_169' title='bbox 836 1642 936 1669; x_wconf 89' lang='lat' dir='ltr'>sese</span> <span class='ocrx_word' id='word_1_170' title='bbox 959 1627 1005 1669; x_wconf 91' lang='lat' dir='ltr'>in</span> <span class='ocrx_word' id='word_1_171' title='bbox 1031 1643 1077 1670; x_wconf 90' lang='lat' dir='ltr'>se</span> <span class='ocrx_word' id='word_1_172' title='bbox 1102 1628 1286 1686; x_wconf 88' lang='lat' dir='ltr'>recepit,</span> <span class='ocrx_word' id='word_1_173' title='bbox 1314 1633 1359 1670; x_wconf 87' lang='lat' dir='ltr'>et</span> <span class='ocrx_word' id='word_1_174' title='bbox 1385 1629 1469 1671; x_wconf 86' lang='lat' dir='ltr'>tria</span> <span class='ocrx_word' id='word_1_175' title='bbox 1503 1629 1646 1671; x_wconf 92' lang='lat' dir='ltr'>nomi-</span> 
     </span>
     <span class='ocr_line' id='line_1_23' title="bbox 146 1694 1647 1757; baseline 0.002 -19"><span class='ocrx_word' id='word_1_176' title='bbox 146 1695 321 1738; x_wconf 83' lang='lat' dir='ltr'>natiora</span> <span class='ocrx_word' id='word_1_177' title='bbox 340 1694 418 1738; x_wconf 88' lang='lat' dir='ltr'>illa</span> <span class='ocrx_word' id='word_1_178' title='bbox 438 1694 631 1738; x_wconf 85' lang='lat' dir='ltr'>febrium</span> <span class='ocrx_word' id='word_1_179' title='bbox 654 1695 879 1738; x_wconf 84' lang='lat' dir='ltr'>intellexit</span> <span class='ocrx_word' id='word_1_180' title='bbox 899 1711 1081 1753; x_wconf 86' lang='lat' dir='ltr'>genera,</span> <span class='ocrx_word' id='word_1_181' title='bbox 1109 1712 1208 1755; x_wconf 81' lang='lat' dir='ltr'>quae</span> <span class='ocrx_word' id='word_1_182' title='bbox 1233 1713 1281 1739; x_wconf 91' lang='lat' dir='ltr'>se</span> <span class='ocrx_word' id='word_1_183' title='bbox 1303 1697 1491 1741; x_wconf 86' lang='lat' dir='ltr'>ridicula</span> <span class='ocrx_word' id='word_1_184' title='bbox 1509 1698 1647 1757; x_wconf 66' lang='lat' dir='ltr'>⁴quasi</span> 
     </span>
     <span class='ocr_line' id='line_1_24' title="bbox 146 1763 1646 1825; baseline 0.003 -19"><span class='ocrx_word' id='word_1_185' title='bbox 146 1779 392 1823; x_wconf 85' lang='lat' dir='ltr'>pauperem</span> <span class='ocrx_word' id='word_1_186' title='bbox 411 1763 671 1806; x_wconf 87' lang='lat' dir='ltr'>curiositate</span> <span class='ocrx_word' id='word_1_187' title='bbox 693 1765 990 1823; x_wconf 87' lang='lat' dir='ltr'>despicerent,</span> <span class='ocrx_word' id='word_1_188' title='bbox 1021 1770 1066 1807; x_wconf 93' lang='lat' dir='ltr'>et</span> <span class='ocrx_word' id='word_1_189' title='bbox 1088 1765 1135 1808; x_wconf 91' lang='lat' dir='ltr'>in</span> <span class='ocrx_word' id='word_1_190' title='bbox 1165 1765 1295 1808; x_wconf 91' lang='lat' dir='ltr'>illum</span> <span class='ocrx_word' id='word_1_191' title='bbox 1319 1767 1398 1825; x_wconf 92' lang='lat' dir='ltr'>qui</span> <span class='ocrx_word' id='word_1_192' title='bbox 1434 1767 1646 1810; x_wconf 88' lang='lat' dir='ltr'>carnibus</span> 
     </span>
     <span class='ocr_line' id='line_1_25' title="bbox 147 1832 1648 1891; baseline 0.001 -15"><span class='ocrx_word' id='word_1_193' title='bbox 147 1837 192 1876; x_wconf 87' lang='lat' dir='ltr'>et</span> <span class='ocrx_word' id='word_1_194' title='bbox 234 1832 489 1875; x_wconf 84' lang='lat' dir='ltr'>substantia</span> <span class='ocrx_word' id='word_1_195' title='bbox 530 1833 756 1875; x_wconf 87' lang='lat' dir='ltr'>exhauriri</span> <span class='ocrx_word' id='word_1_196' title='bbox 803 1834 877 1875; x_wconf 71' lang='lat' dir='ltr'>vix</span> <span class='ocrx_word' id='word_1_197' title='bbox 918 1838 1110 1891; x_wconf 89' lang='lat' dir='ltr'>poterat,</span> <span class='ocrx_word' id='word_1_198' title='bbox 1151 1836 1491 1878; x_wconf 88' lang='lat' dir='ltr'>contenderent.</span> <span class='ocrx_word' id='word_1_199' title='bbox 1543 1836 1648 1879; x_wconf 92' lang='lat' dir='ltr'>Non</span> 
     </span>
     <span class='ocr_line' id='line_1_26' title="bbox 147 1901 1646 1963; baseline 0.003 -20"><span class='ocrx_word' id='word_1_200' title='bbox 147 1906 383 1959; x_wconf 87' lang='lat' dir='ltr'>expectata</span> <span class='ocrx_word' id='word_1_201' title='bbox 410 1901 549 1959; x_wconf 85' lang='lat' dir='ltr'>igitur</span> <span class='ocrx_word' id='word_1_202' title='bbox 568 1902 682 1954; x_wconf 85' lang='lat' dir='ltr'>luce,</span> <span class='ocrx_word' id='word_1_203' title='bbox 710 1902 766 1944; x_wconf 91' lang='lat' dir='ltr'>ad</span> <span class='ocrx_word' id='word_1_204' title='bbox 790 1903 1134 1962; x_wconf 89' lang='lat' dir='ltr'>propinquiores</span> <span class='ocrx_word' id='word_1_205' title='bbox 1169 1920 1283 1962; x_wconf 89' lang='lat' dir='ltr'>quos</span> <span class='ocrx_word' id='word_1_206' title='bbox 1322 1905 1489 1963; x_wconf 90' lang='lat' dir='ltr'>reperit</span> <span class='ocrx_word' id='word_1_207' title='bbox 1519 1921 1646 1948; x_wconf 87' lang='lat' dir='ltr'>acce-</span> 
     </span>
     <span class='ocr_line' id='line_1_27' title="bbox 147 1969 1648 2029; baseline 0.003 -17"><span class='ocrx_word' id='word_1_208' title='bbox 147 1969 215 2013; x_wconf 87' lang='lat' dir='ltr'>dit</span> <span class='ocrx_word' id='word_1_209' title='bbox 234 1970 494 2023; x_wconf 80' lang='lat' dir='ltr'>monachos,</span> <span class='ocrx_word' id='word_1_210' title='bbox 521 1975 565 2013; x_wconf 89' lang='lat' dir='ltr'>et</span> <span class='ocrx_word' id='word_1_211' title='bbox 585 1970 727 2013; x_wconf 89' lang='lat' dir='ltr'>relato</span> <span class='ocrx_word' id='word_1_212' title='bbox 751 1971 815 2013; x_wconf 89' lang='lat' dir='ltr'>eis</span> <span class='ocrx_word' id='word_1_213' title='bbox 842 1987 893 2014; x_wconf 92' lang='lat' dir='ltr'>eo</span> <span class='ocrx_word' id='word_1_214' title='bbox 921 1972 1042 2029; x_wconf 90' lang='lat' dir='ltr'>quod</span> <span class='ocrx_word' id='word_1_215' title='bbox 1069 1972 1242 2016; x_wconf 84' lang='lat' dir='ltr'>viderat</span> <span class='ocrx_word' id='word_1_216' title='bbox 1279 1979 1324 2016; x_wconf 91' lang='lat' dir='ltr'>et</span> <span class='ocrx_word' id='word_1_217' title='bbox 1347 1974 1566 2027; x_wconf 87' lang='lat' dir='ltr'>audierat,</span> <span class='ocrx_word' id='word_1_218' title='bbox 1590 1974 1648 2016; x_wconf 88' lang='lat' dir='ltr'>ad</span> 
     </span>
     <span class='ocr_line' id='line_1_28' title="bbox 145 2039 1648 2101; baseline 0.003 -20"><span class='ocrx_word' id='word_1_219' title='bbox 145 2039 384 2097; x_wconf 83' lang='lat' dir='ltr'>praefatum</span> <span class='ocrx_word' id='word_1_220' title='bbox 424 2039 543 2082; x_wconf 88' lang='lat' dir='ltr'>mitti</span> <span class='ocrx_word' id='word_1_221' title='bbox 582 2044 709 2097; x_wconf 86' lang='lat' dir='ltr'>rogat</span> <span class='ocrx_word' id='word_1_222' title='bbox 741 2040 996 2098; x_wconf 85' lang='lat' dir='ltr'>Hugonem,</span> <span class='ocrx_word' id='word_1_223' title='bbox 1036 2046 1087 2084; x_wconf 91' lang='lat' dir='ltr'>ut</span> <span class='ocrx_word' id='word_1_224' title='bbox 1123 2042 1327 2095; x_wconf 82' lang='lat' dir='ltr'>sciretur,</span> <span class='ocrx_word' id='word_1_225' title='bbox 1371 2043 1567 2101; x_wconf 87' lang='lat' dir='ltr'>qualiter</span> <span class='ocrx_word' id='word_1_226' title='bbox 1601 2059 1648 2085; x_wconf 92' lang='lat' dir='ltr'>se</span> 
     </span>
     <span class='ocr_line' id='line_1_29' title="bbox 146 2107 1640 2170; baseline 0.003 -20"><span class='ocrx_word' id='word_1_227' title='bbox 146 2107 346 2151; x_wconf 87' lang='lat' dir='ltr'>haberet.</span> <span class='ocrx_word' id='word_1_228' title='bbox 370 2108 571 2151; x_wconf 89' lang='lat' dir='ltr'>Mittitur</span> <span class='ocrx_word' id='word_1_229' title='bbox 590 2112 635 2151; x_wconf 86' lang='lat' dir='ltr'>et</span> <span class='ocrx_word' id='word_1_230' title='bbox 655 2108 739 2151; x_wconf 91' lang='lat' dir='ltr'>sub</span> <span class='ocrx_word' id='word_1_231' title='bbox 760 2109 970 2152; x_wconf 85' lang='lat' dir='ltr'>maximis</span> <span class='ocrx_word' id='word_1_232' title='bbox 985 2110 1178 2165; x_wconf 85' lang='lat' dir='ltr'>febrium</span> <span class='ocrx_word' id='word_1_233' title='bbox 1198 2111 1386 2154; x_wconf 80' lang='lat' dir='ltr'>aestibus</span> <span class='ocrx_word' id='word_1_234' title='bbox 1404 2112 1640 2170; x_wconf 88' lang='lat' dir='ltr'>reperitur.</span> 
     </span>
     <span class='ocr_line' id='line_1_30' title="bbox 146 2176 1647 2238; baseline 0.003 -19"><span class='ocrx_word' id='word_1_235' title='bbox 146 2176 217 2219; x_wconf 85' lang='lat' dir='ltr'>Ex</span> <span class='ocrx_word' id='word_1_236' title='bbox 248 2192 337 2235; x_wconf 89' lang='lat' dir='ltr'>quo</span> <span class='ocrx_word' id='word_1_237' title='bbox 375 2177 612 2236; x_wconf 84' lang='lat' dir='ltr'>conjicitur</span> <span class='ocrx_word' id='word_1_238' title='bbox 654 2177 762 2220; x_wconf 90' lang='lat' dir='ltr'>talia</span> <span class='ocrx_word' id='word_1_239' title='bbox 801 2178 1063 2222; x_wconf 91' lang='lat' dir='ltr'>morborum</span> <span class='ocrx_word' id='word_1_240' title='bbox 1100 2195 1263 2237; x_wconf 83' lang='lat' dir='ltr'>genera</span> <span class='ocrx_word' id='word_1_241' title='bbox 1304 2181 1398 2222; x_wconf 93' lang='lat' dir='ltr'>Deo</span> <span class='ocrx_word' id='word_1_242' title='bbox 1432 2180 1585 2238; x_wconf 91' lang='lat' dir='ltr'>judice</span> <span class='ocrx_word' id='word_1_243' title='bbox 1623 2197 1647 2224; x_wconf 88' lang='lat' dir='ltr'>a</span> 
     </span>
     <span class='ocr_line' id='line_1_31' title="bbox 147 2245 1648 2306; baseline 0.003 -18"><span class='ocrx_word' id='word_1_244' title='bbox 147 2245 427 2288; x_wconf 83' lang='lat' dir='ltr'>daemonibus</span> <span class='ocrx_word' id='word_1_245' title='bbox 448 2246 709 2290; x_wconf 81' lang='lat' dir='ltr'>ministrari.</span> <span class='ocrx_word' id='word_1_246' title='bbox 737 2247 867 2291; x_wconf 88' lang='lat' dir='ltr'>Unde</span> <span class='ocrx_word' id='word_1_247' title='bbox 897 2252 942 2290; x_wconf 88' lang='lat' dir='ltr'>et</span> <span class='ocrx_word' id='word_1_248' title='bbox 969 2247 1132 2291; x_wconf 88' lang='lat' dir='ltr'>mulier</span> <span class='ocrx_word' id='word_1_249' title='bbox 1155 2249 1200 2290; x_wconf 88' lang='lat' dir='ltr'>in</span> <span class='ocrx_word' id='word_1_250' title='bbox 1228 2248 1478 2306; x_wconf 87' lang='lat' dir='ltr'>Evangelio</span> <span class='ocrx_word' id='word_1_251' title='bbox 1512 2266 1648 2293; x_wconf 86' lang='lat' dir='ltr'>curva</span> 
     </span>
     <span class='ocr_line' id='line_1_32' title="bbox 147 2314 1648 2375; baseline 0.003 -18"><span class='ocrx_word' id='word_1_252' title='bbox 147 2314 303 2358; x_wconf 88' lang='lat' dir='ltr'>decem</span> <span class='ocrx_word' id='word_1_253' title='bbox 322 2319 367 2357; x_wconf 90' lang='lat' dir='ltr'>et</span> <span class='ocrx_word' id='word_1_254' title='bbox 408 2319 583 2374; x_wconf 89' lang='lat' dir='ltr'>septem</span> <span class='ocrx_word' id='word_1_255' title='bbox 621 2315 751 2358; x_wconf 87' lang='lat' dir='ltr'>annis</span> <span class='ocrx_word' id='word_1_256' title='bbox 792 2332 816 2358; x_wconf 88' lang='lat' dir='ltr'>a</span> <span class='ocrx_word' id='word_1_257' title='bbox 862 2316 1093 2359; x_wconf 74' lang='lat' dir='ltr'>Sathanaa</span> <span class='ocrx_word' id='word_1_258' title='bbox 1134 2317 1300 2375; x_wconf 86' lang='lat' dir='ltr'>legitur</span> <span class='ocrx_word' id='word_1_259' title='bbox 1329 2318 1515 2375; x_wconf 83' lang='lat' dir='ltr'>alligata</span> <span class='ocrx_word' id='word_1_260' title='bbox 1531 2320 1561 2361; x_wconf 86' lang='lat'>3.</span> <span class='ocrx_word' id='word_1_261' title='bbox 1605 2319 1648 2362; x_wconf 92' lang='lat' dir='ltr'>Is</span> 
     </span>
    </p>
   </div>
   <div class='ocr_carea' id='block_1_4' title="bbox 187 2421 687 2460">
    <p class='ocr_par' dir='ltr' id='par_1_5' title="bbox 187 2421 687 2460">
     <span class='ocr_line' id='line_1_33' title="bbox 187 2421 687 2460; baseline 0.002 -1"><span class='ocrx_word' id='word_1_262' title='bbox 187 2438 219 2460; x_wconf 77' lang='lat' dir='ltr'>a.</span> <span class='ocrx_word' id='word_1_263' title='bbox 239 2428 339 2460; x_wconf 82' lang='lat' dir='ltr'>Corr.</span> <span class='ocrx_word' id='word_1_264' title='bbox 356 2429 399 2460; x_wconf 85' lang='lat' dir='ltr'>dc</span> <span class='ocrx_word' id='word_1_265' title='bbox 415 2421 459 2460; x_wconf 87' lang='lat' dir='ltr'>I).</span> <span class='ocrx_word' id='word_1_266' title='bbox 477 2428 633 2460; x_wconf 75' lang='lat' dir='ltr'>Sathane</span> <span class='ocrx_word' id='word_1_267' title='bbox 647 2429 687 2460; x_wconf 90' lang='grc' dir='ltr'>Β.</span> 
     </span>
    </p>
   </div>
   <div class='ocr_carea' id='block_1_5' title="bbox 148 2551 1650 2847">
    <p class='ocr_par' dir='ltr' id='par_1_6' title="bbox 148 2551 1650 2717">
     <span class='ocr_line' id='line_1_34' title="bbox 189 2551 1650 2597; baseline 0.003 -15"><span class='ocrx_word' id='word_1_268' title='bbox 189 2555 218 2582; x_wconf 90' lang='grc'>1,</span> <span class='ocrx_word' id='word_1_269' title='bbox 244 2551 376 2583; x_wconf 83' lang='lat' dir='ltr'>L&#39;abba</span> <span class='ocrx_word' id='word_1_270' title='bbox 405 2562 424 2584; x_wconf 90' lang='lat' dir='ltr'>e</span> <span class='ocrx_word' id='word_1_271' title='bbox 438 2552 482 2583; x_wconf 87' lang='lat' dir='ltr'>de</span> <span class='ocrx_word' id='word_1_272' title='bbox 497 2552 763 2584; x_wconf 70' lang='lat' dir='ltr'>Saint-Mcdard</span> <span class='ocrx_word' id='word_1_273' title='bbox 775 2553 818 2584; x_wconf 89' lang='lat' dir='ltr'>dc</span> <span class='ocrx_word' id='word_1_274' title='bbox 831 2552 1010 2593; x_wconf 85' lang='lat' dir='ltr'>Soissons,</span> <span class='ocrx_word' id='word_1_275' title='bbox 1026 2553 1156 2586; x_wconf 75' lang='lat' dir='ltr'>fondce</span> <span class='ocrx_word' id='word_1_276' title='bbox 1172 2565 1216 2586; x_wconf 87' lang='lat' dir='ltr'>au</span> <span class='ocrx_word' id='word_1_277' title='bbox 1229 2561 1277 2586; x_wconf 76' lang='lat' dir='ltr'>vl⁶</span> <span class='ocrx_word' id='word_1_278' title='bbox 1293 2555 1414 2593; x_wconf 72' lang='lat' dir='ltr'>siecle,</span> <span class='ocrx_word' id='word_1_279' title='bbox 1431 2555 1503 2586; x_wconf 82' lang='lat' dir='ltr'>sort</span> <span class='ocrx_word' id='word_1_280' title='bbox 1518 2556 1650 2597; x_wconf 88' lang='lat' dir='ltr'>impor-</span> 
     </span>
     <span class='ocr_line' id='line_1_35' title="bbox 148 2594 1649 2637; baseline 0.003 -13"><span class='ocrx_word' id='word_1_281' title='bbox 148 2595 247 2625; x_wconf 79' lang='lat' dir='ltr'>tante</span> <span class='ocrx_word' id='word_1_282' title='bbox 271 2603 355 2625; x_wconf 90' lang='lat' dir='ltr'>sous</span> <span class='ocrx_word' id='word_1_283' title='bbox 394 2603 432 2625; x_wconf 87' lang='lat' dir='ltr'>es</span> <span class='ocrx_word' id='word_1_284' title='bbox 455 2594 704 2636; x_wconf 81' lang='lat' dir='ltr'>Carolingieus</span> <span class='ocrx_word' id='word_1_285' title='bbox 729 2594 835 2634; x_wconf 70' lang='lat' dir='ltr'>(Gall.</span> <span class='ocrx_word' id='word_1_286' title='bbox 864 2594 1010 2635; x_wconf 55' lang='lat' dir='ltr'>Christ„</span> <span class='ocrx_word' id='word_1_287' title='bbox 1037 2598 1061 2628; x_wconf 80' lang='lat' dir='ltr'>t.</span> <span class='ocrx_word' id='word_1_288' title='bbox 1089 2596 1148 2631; x_wconf 80' lang='lat' dir='ltr'>lx.</span> <span class='ocrx_word' id='word_1_289' title='bbox 1172 2597 1240 2628; x_wconf 90' lang='lat' dir='ltr'>col.</span> <span class='ocrx_word' id='word_1_290' title='bbox 1267 2598 1323 2628; x_wconf 65' lang='lat'>407</span> <span class='ocrx_word' id='word_1_291' title='bbox 1348 2603 1428 2637; x_wconf 70' lang='lat' dir='ltr'>sq).</span> <span class='ocrx_word' id='word_1_292' title='bbox 1458 2597 1612 2630; x_wconf 80' lang='lat' dir='ltr'>Guibert</span> <span class='ocrx_word' id='word_1_293' title='bbox 1629 2609 1649 2630; x_wconf 82' lang='lat' dir='ltr'>a</span> 
     </span>
     <span class='ocr_line' id='line_1_36' title="bbox 148 2629 1649 2717; baseline 0.004 -51"><span class='ocrx_word' id='word_1_294' title='bbox 148 2634 390 2717; x_wconf 57' lang='grc' dir='ltr'>ῗονίιιιοοιιιὲε</span> <span class='ocrx_word' id='word_1_295' title='bbox 420 2636 471 2667; x_wconf 80' lang='lat' dir='ltr'>les</span> <span class='ocrx_word' id='word_1_296' title='bbox 498 2637 636 2667; x_wconf 82' lang='lat' dir='ltr'>moines</span> <span class='ocrx_word' id='word_1_297' title='bbox 665 2637 710 2667; x_wconf 87' lang='lat' dir='ltr'>dc</span> <span class='ocrx_word' id='word_1_298' title='bbox 739 2639 834 2668; x_wconf 79' lang='lat' dir='ltr'>cette</span> <span class='ocrx_word' id='word_1_299' title='bbox 860 2629 1003 2678; x_wconf 50' lang='lat' dir='ltr'>abbafc</span> <span class='ocrx_word' id='word_1_300' title='bbox 1031 2648 1095 2669; x_wconf 85' lang='lat' dir='ltr'>son</span> <span class='ocrx_word' id='word_1_301' title='bbox 1123 2638 1172 2669; x_wconf 86' lang='lat' dir='ltr'>De</span> <span class='ocrx_word' id='word_1_302' title='bbox 1194 2638 1416 2680; x_wconf 72' lang='lat' dir='ltr'>piynoribus</span> <span class='ocrx_word' id='word_1_303' title='bbox 1437 2641 1649 2672; x_wconf 72' lang='lat' dir='ltr'>sanctorum</span> 
     </span>
     <span class='ocr_line' id='line_1_37' title="bbox 164 2677 538 2709; baseline 0.005 -2"><span class='ocrx_word' id='word_1_304' title='bbox 164 2687 197 2708; x_wconf 87' lang='lat' dir='ltr'>v.</span> <span class='ocrx_word' id='word_1_305' title='bbox 230 2677 237 2688; x_wconf 86' lang='lat'><em>&#39;</em></span> <span class='ocrx_word' id='word_1_306' title='bbox 261 2680 379 2709; x_wconf 80' lang='lat' dir='ltr'>ntro.</span> <span class='ocrx_word' id='word_1_307' title='bbox 442 2689 538 2709; x_wconf 82' lang='lat' dir='ltr'>.xx.</span> 
     </span>
    </p>

    <p class='ocr_par' dir='ltr' id='par_1_7' title="bbox 151 2679 1649 2801">
     <span class='ocr_line' id='line_1_38' title="bbox 190 2679 1649 2763; baseline 0.004 -14"><span class='ocrx_word' id='word_1_308' title='bbox 190 2721 220 2752; x_wconf 82' lang='lat'>2.</span> <span class='ocrx_word' id='word_1_309' title='bbox 246 2688 489 2758; x_wconf 40' lang='lat' dir='ltr'>L‘Aisnefimr</span> <span class='ocrx_word' id='word_1_310' title='bbox 503 2679 534 2751; x_wconf 51' lang='lat'>121</span> <span class='ocrx_word' id='word_1_311' title='bbox 554 2720 628 2751; x_wconf 88' lang='lat' dir='ltr'>rive</span> <span class='ocrx_word' id='word_1_312' title='bbox 649 2720 765 2750; x_wconf 83' lang='lat' dir='ltr'>droite</span> <span class='ocrx_word' id='word_1_313' title='bbox 783 2720 826 2751; x_wconf 89' lang='lat' dir='ltr'>de</span> <span class='ocrx_word' id='word_1_314' title='bbox 843 2721 998 2761; x_wconf 84' lang='lat' dir='ltr'>laquelle</span> <span class='ocrx_word' id='word_1_315' title='bbox 1016 2732 1053 2752; x_wconf 84' lang='lat' dir='ltr'>se</span> <span class='ocrx_word' id='word_1_316' title='bbox 1066 2722 1274 2754; x_wconf 83' lang='lat' dir='ltr'>trouvaient</span> <span class='ocrx_word' id='word_1_317' title='bbox 1291 2722 1455 2763; x_wconf 82' lang='lat' dir='ltr'>l’abbayc</span> <span class='ocrx_word' id='word_1_318' title='bbox 1473 2724 1509 2754; x_wconf 86' lang='lat' dir='ltr'>ct</span> <span class='ocrx_word' id='word_1_319' title='bbox 1527 2723 1558 2754; x_wconf 90' lang='lat' dir='ltr'>le</span> <span class='ocrx_word' id='word_1_320' title='bbox 1577 2724 1649 2755; x_wconf 85' lang='lat' dir='ltr'>sau-</span> 
     </span>
     <span class='ocr_line' id='line_1_39' title="bbox 151 2759 865 2801; baseline 0.003 -10"><span class='ocrx_word' id='word_1_321' title='bbox 151 2759 268 2801; x_wconf 79' lang='lat' dir='ltr'>bourg</span> <span class='ocrx_word' id='word_1_322' title='bbox 281 2761 325 2792; x_wconf 86' lang='lat' dir='ltr'>de</span> <span class='ocrx_word' id='word_1_323' title='bbox 345 2761 612 2793; x_wconf 64' lang='lat' dir='ltr'>Saint-Medard</span> <span class='ocrx_word' id='word_1_324' title='bbox 628 2762 671 2792; x_wconf 88' lang='lat' dir='ltr'>de</span> <span class='ocrx_word' id='word_1_325' title='bbox 687 2762 865 2793; x_wconf 69' lang='lat' dir='ltr'>Suissons.</span> 
     </span>
    </p>

    <p class='ocr_par' dir='ltr' id='par_1_8' title="bbox 191 2803 1649 2847">
     <span class='ocr_line' id='line_1_40' title="bbox 191 2803 1649 2847; baseline 0.003 -13"><span class='ocrx_word' id='word_1_326' title='bbox 191 2806 220 2834; x_wconf 84' lang='grc'>3.</span> <span class='ocrx_word' id='word_1_327' title='bbox 247 2803 345 2842; x_wconf 84' lang='lat' dir='ltr'>L11c.,</span> <span class='ocrx_word' id='word_1_328' title='bbox 364 2803 516 2842; x_wconf 82' lang='lat' dir='ltr'>XI11,11</span> <span class='ocrx_word' id='word_1_329' title='bbox 539 2813 546 2835; x_wconf 88' lang='lat'>:</span> <span class='ocrx_word' id='word_1_330' title='bbox 570 2817 583 2831; x_wconf 84' lang='lat'>«</span> <span class='ocrx_word' id='word_1_331' title='bbox 611 2803 651 2835; x_wconf 81' lang='lat' dir='ltr'>Et</span> <span class='ocrx_word' id='word_1_332' title='bbox 679 2814 761 2834; x_wconf 79' lang='lat' dir='ltr'>cccc</span> <span class='ocrx_word' id='word_1_333' title='bbox 789 2804 926 2836; x_wconf 74' lang='lat' dir='ltr'>mulier.</span> <span class='ocrx_word' id='word_1_334' title='bbox 948 2815 1037 2845; x_wconf 71' lang='lat' dir='ltr'>(linae</span> <span class='ocrx_word' id='word_1_335' title='bbox 1062 2805 1220 2837; x_wconf 81' lang='lat' dir='ltr'>habebat</span> <span class='ocrx_word' id='word_1_336' title='bbox 1244 2806 1409 2847; x_wconf 75' lang='lat' dir='ltr'>spiritum</span> <span class='ocrx_word' id='word_1_337' title='bbox 1430 2806 1649 2839; x_wconf 77' lang='lat' dir='ltr'>infirmitatis</span> 
     </span>
    </p>
   </div>
  </div>
 </body>
</html>
