1930 3224
588 270 686 301 vnn.
723 269 918 300 emnem]
949 269 1057 299 vim:
1088 268 1208 297 Lmen
1246 269 1275 296 11
1493 260 1495 262 ’
1586 251 1665 294 111

117 359 128 377 ³
163 370 304 415 etiam
326 369 450 413 idem
468 369 705 428 cujusdam
731 369 857 411 urbis
883 368 1109 427 praedictae
1134 366 1455 418 archidiaconi,
1487 366 1565 424 qui
1586 365 1669 407 ali-

164 454 358 499 quarum
395 438 504 481 cleri
550 453 601 481 ac
635 437 791 496 populi
846 437 1042 494 partium
1080 435 1235 479 favore
1284 434 1540 493 petebatur,
1568 450 1669 492 pro-

75 504 104 535 ”Ῐ·
161 511 346 551 curator
370 506 597 550 extiterat.
626 506 758 550 Unde
791 510 835 547 et
868 521 949 563 pro
996 505 1163 548 astutia
1200 503 1420 555 saeculari,
1466 507 1510 545 et
1544 502 1669 545 habi-

164 574 327 629 tudine
347 590 487 634 quam
511 573 699 631 gerebat
728 573 941 631 regulari,
972 573 1082 615 dum
1111 572 1241 616 alteri
1274 571 1319 614 id
1349 576 1537 630 peteret,
1572 571 1669 630 ipse

59 627 74 663 ’ἶ
161 643 404 702 expetitur,
438 646 483 685 et
506 641 590 685 sub
612 641 853 692 Richard0‚
878 641 1109 700 quondam
1130 640 1382 684 Albanensi
1405 639 1616 698 episcopo
1633 639 1664 694 ¹,

59 713 87 751 4·
161 709 424 770 apostolicae
455 710 576 754 sedis
615 710 662 762 in
699 710 934 753 Franciam
961 715 1069 752 tunc
1097 709 1263 767 legato,
1297 709 1375 766 qui
1407 708 1454 750 in
1481 708 1666 751 civitate

160 779 446 824 Trecassium
489 783 698 836 coegerat
736 778 979 821 concilium
992 778 1025 832 ἱ),
1057 777 1255 836 praefatae
1290 776 1667 819 Ambianensium

26 870 35 882 1
69 860 95 892 j
160 848 257 892 sedi
286 847 526 909 episcopus
571 847 719 899 datus,
762 863 787 889 a
821 862 903 889 suo
951 851 1130 889 constat
1167 846 1425 903 Novigento
1470 845 1666 888 transla-

164 921 240 960 tus
253 917 285 960 3.

221 984 310 1038 Qui
332 1000 436 1028 cum
459 984 506 1027 in
531 984 675 1027 multa
690 983 802 1026 inibi
825 983 970 1041 gloria
994 999 1044 1026 ac
1059 983 1321 1026 foelicitate³
1338 998 1384 1025 se
1406 987 1597 1041 gereret,
1620 987 1665 1025 et

162 1058 398 1112 tantopere
427 1053 484 1096 ab
512 1051 723 1096 omnibu‘s
762 1052 1001 1104 coleretur,
1039 1057 1089 1094 ut
1125 1051 1181 1094 ab
1211 1052 1267 1094 iis
1294 1052 1431 1094 etiam
1467 1051 1544 1110 qui
1579 1051 1666 1094 sibi

22 1117 25 1124 ¹
129 1113 133 1115 ”
161 1126 383 1182 praeerant
406 1121 698 1180 pontificibus
720 1137 823 1163 cum
839 1120 1025 1179 speciali
1052 1120 1341 1164 veneratione
1374 1120 1665 1178 potissimum

158 1190 412 1244 timeretur,
435 1195 495 1244 et,
526 1205 582 1232 ne
609 1189 687 1232 diu
708 1205 870 1242 morer,
903 1205 1006 1232 cum
1029 1189 1197 1248 ubique
1225 1189 1355 1247 quasi
1386 1189 1530 1232 totius
1561 1188 1664 1231 reli-

155 1258 307 1318 gionis
326 1258 563 1318 speculum
587 1263 882 1316 spectaretur,
930 1263 1116 1316 repente
1158 1258 1215 1301 ad
1252 1258 1300 1300 id
1335 1258 1474 1316 (quod
1509 1262 1664 1300 utrum

157 1327 414 1380 affectabat,
442 1327 570 1370 novit
598 1327 736 1380 Deus,
756 1343 813 1369 an
831 1327 1108 1386 verebatur),
1127 1327 1326 1369 emersit.
1347 1326 1495 1369 Didici
1509 1331 1663 1369 autem

159 1396 282 1455 quod
312 1390 569 1450 haereditas,
599 1396 655 1439 ad
682 1411 820 1454 quam
847 1395 1088 1439 festinatur
1114 1395 1160 1438 in
1185 1395 1421 1454 principio,
1455 1394 1663 1438 benedic-

157 1465 281 1509 tione
313 1465 510 1508 caritura
546 1465 605 1508 sit
639 1465 686 1507 in
717 1465 982 1507 novissimo.
1030 1464 1161 1507 Initia
1201 1464 1334 1522 plane
1380 1480 1482 1506 cum
1516 1463 1661 1506 solitae

154 1533 464 1593 plena'laudis
490 1533 712 1587 habuerit,
743 1538 788 1577 et
810 1549 891 1592 per
910 1549 1054 1576 annos
1086 1533 1260 1591 aliquot
1300 1549 1453 1575 rumor
1476 1533 1516 1575 ei
1549 1548 1660 1591 prae-

154 1601 365 1646 coniosus
404 1602 659 1655 accesserit,
697 1602 809 1660 jam,
860 1607 911 1646 ut
951 1607 1020 1645 est
1055 1602 1224 1654 videre,
1274 1601 1495 1660 quidquid
1539 1601 1661 1660 apud

151 1669 383 1715 hominem
428 1671 676 1730 gloriarum
717 1672 1045 1714 excandescere
1087 1671 1340 1724 videbatur,
1386 1686 1477 1712 non
1525 1670 1659 1712 modo

149 1739 361 1799 intepuit,
389 1739 470 1783 sed
492 1739 683 1784 refrixit.
710 1740 861 1783 Prima
886 1739 1008 1782 enim
1031 1739 1150 1783 intra
1176 1739 1335 1782 urbem
1351 1755 1444 1781 suae
1477 1749 1659 1796 suscep-

148 1808 287 1852 tionis
325 1808 413 1862 die,
457 1824 562 1852 cum
606 1808 842 1852 locuturus
883 1808 941 1851 ad
979 1808 1231 1866 populum4
1271 1808 1436 1867 pulpiti
1472 1808 1660 1850 editiora

147 1882 338 1931 teneret,
381 1882 660 1936 protestatus
703 1882 772 1920 est
805 1893 853 1920 se
884 1877 950 1920 sic
968 1877 1119 1931 ,ardua
1155 1881 1448 1930 sectaturum,
1490 1877 1658 1935 quippe

149 1946 228 2004 qui
256 1945 398 1990 nollet
431 1945 547 1990 illud
575 1946 661 1990 sibi
697 1946 926 2005 poeticum
964 1947 1010 1989 in
1035 1946 1130 1990 suis
1157 1945 1409 1990 defectibus
1434 1945 1652 2003 coaptari,

152 2013 327 2059 scilicet
344 2029 354 2060 ε

388 2127 632 2168 Parturiunt
648 2134 827 2178 montes,
855 2134 1049 2169 nascetur
1070 2129 1272 2169 ridiculus
1289 2143 1381 2168 mus
1395 2129 1426 2168 ⁵³.

193 2273 226 2296 a.
259 2262 438 2304 felicitate
458 2263 502 2296 D.

189 2451 218 2481 1.
245 2448 414 2486 Richard‚
445 2448 583 2490 eveque
617 2449 807 2489 d'Albano,
839 2449 935 2490 legat
963 2459 1008 2481 en
1042 2450 1206 2491 Espague
1235 2460 1278 2481 en
1310 2453 1401 2487 1079,
1433 2449 1567 2491 (Ιύμυεό
1592 2460 1656 2491 par

146 2489 321 2532 Gregoire
338 2489 407 2522 Vn
423 2500 468 2522 en
482 2494 576 2531 1079,
594 2490 635 2523 fit
652 2501 700 2522 un
715 2491 871 2523 schismc
887 2501 932 2522 en
951 2494 1030 2522 1087
1048 2494 1085 2523 et
1104 2491 1159 2523 fut
1177 2491 1439 2523 excommunic.
1459 2491 1593 2523 Relevi·
1610 2493 1655 2523 de

147 2531 524 2564 l'excommunieation
544 2534 576 2564 la
594 2534 709 2564 meme
726 2532 851 2572 annee,
871 2533 895 2564 il
918 2533 973 2564 fut
992 2532 1134 2574 envoye
1153 2543 1293 2565 comme
1320 2533 1416 2574 legat
1435 2544 1479 2564 en
1506 2534 1653 2573 France,

147 2577 184 2607 et
198 2576 345 2606 mourut
357 2585 401 2606 en
423 2577 504 2605 1113
536 2575 660 2609 Gums.
679 2575 796 2606 Series
815 2574 936 2616 episc„
957 2585 991 2616 p.
1011 2576 1108 2616 xxu).

189 2619 221 2648 2.
247 2615 295 2647 Le
309 2616 453 2654 ‚concile
468 2617 512 2648 de
559 2627 680 2658 royes,
697 2618 782 2648 tenu
801 2618 943 2648 surtout
963 2627 1055 2658 pour
1072 2617 1191 2649 aviser
1204 2627 1271 2648 aux
1288 2627 1449 2648 mesures
1467 2618 1486 2648 εὶ
1499 2617 1653 2658 prendre

147 2659 275 2689 contre
294 2658 326 2689 le
343 2657 650 2699 developpcment
667 2659 710 2689 de
736 2659 768 2690 la
789 2659 1033 2699 sin1o11ic‚eut
1057 2659 1128 2690 lieu
1148 2669 1193 2690 en
1217 2661 1294 2690 1104
1318 2659 1460 2700 (Mansi,
1479 2658 1650 2700 Ampliss.

150 2698 257 2738 Call„
274 2700 300 2732 t.
317 2700 394 2739 XX,
410 2700 479 2732 col.
496 2703 655 2739 1179-82;
677 2701 722 2731 cs.
746 2700 821 2731 Vita
838 2700 1095 2741 S.Goc1efri‹1i,
1117 2701 1143 2740 1,
1163 2711 1244 2740 xxx,
1265 2701 1331 2732 loc.
1352 2700 1427 2740 cil.,
1447 2711 1481 2741 p.
1502 2701 1588 2742 192).

190 2744 220 2773 3.
249 2740 442 2773 lje-lection
460 2743 505 2773 de
525 2742 686 2773 Geom-oi
701 2744 763 2773 eut
778 2742 850 2773 lieu
867 2752 910 2773 en
927 2744 1019 2774 1104.

189 2785 219 2814 4.
245 2783 299 2815 Cf.
327 2783 403 2815 Vita
420 2784 454 2815 S.
475 2782 675 2824 Godel'ridi,
696 2783 739 2822 11,
761 2795 796 2822 ιι,
815 2784 880 2816 loc.
897 2784 972 2824 cit„
992 2795 1026 2825 p.
1047 2787 1117 2817 193.

190 2827 221 2856 5.
248 2824 401 2864 Horace,
422 2826 491 2857 Ars
518 2825 675 2865 Poetica,
696 2828 767 2857 139.
