1930 3224
276 245 359 288 156
686 261 784 289 VEN.
821 260 1012 289 GUIBERTl
1044 261 1151 290 VITAE
1182 261 1301 289 mmm
1334 261 1378 288 111

272 358 591 402 civitatenses¹
620 360 765 416 cypho
798 364 874 401 aut
905 359 1110 412 scutella,
1155 364 1232 402 aut
1272 359 1474 416 quolibet
1505 360 1593 403 alio
1630 360 1764 404 modo

275 426 503 484 legumen,
535 431 611 469 aut
630 427 845 480 triticum,
877 442 956 469 seu
994 427 1224 484 quippiam
1262 427 1452 484 alicujus
1495 426 1637 485 frugis
1668 427 1764 471 foro

276 495 405 552 quasi
435 495 593 537 venale
639 494 1027 548 circumferebant,
1067 510 1255 553 cumque
1297 496 1462 538 rustico
1513 496 1619 538 talia
1663 511 1764 554 pro-

273 562 501 620 quirentia
531 563 772 604 emendum
799 562 1084 618 obtulissent,
1114 562 1188 605 ille
1222 568 1375 606 taxato
1398 563 1547 620 precio
1583 579 1630 606 se
1661 563 1762 622 pol·-

273 630 492 673 licebatur
530 635 802 688 empturum.
851 648 870 669 «
911 630 1120 688 Sequere,
1168 631 1314 673 aiebat
1349 631 1572 686 venditor,
1609 647 1681 675 me
1715 632 1762 674 in

274 699 457 740 domum
481 713 644 752 meam,
682 703 733 740 ut
766 698 827 740 ibi
862 698 1089 740 residuum
1126 698 1267 755 frugis
1305 699 1454 756 hujus,
1510 715 1646 757 quam
1678 699 1762 742 tibi

273 766 436 818 vendo,
466 766 634 819 videas,
665 766 900 823 visumque
922 767 1152 823 suscipias.
1186 785 1205 806 »
1235 767 1514 824 Sequebatur
1542 767 1633 822 ille,
1663 767 1758 822 sed,

275 850 377 876 cum
403 835 715 891 pervenissent
734 835 791 876 ad
816 850 980 888 arcam,
1011 834 1155 876 fidelis
1181 835 1403 889 venditor,
1436 834 1553 878 elato
1588 839 1633 878 et
1668 850 1763 878 sus-

274 906 401 944 tento
445 918 558 944 arcae
600 902 837 960 operculo:
888 920 908 942 <z
940 902 1125 956 Inclina,
1164 902 1326 956 aiebat,
1371 907 1505 960 caput
1547 907 1677 946 tuum
1719 907 1764 946 et

273 970 406 1012 ulnas
429 971 475 1012 in
498 986 662 1023 arcam,
700 975 751 1012 ut
783 970 937 1012 videas
967 971 1086 1028 quod
1118 971 1201 1012 hoc
1230 975 1377 1013 totum
1412 986 1502 1013 non
1543 970 1766 1028 discrepet

277 1038 332 1080 ab
354 1053 405 1080 ea
431 1043 558 1096 parte
585 1054 720 1096 quam
741 1038 823 1093 tibi
846 1039 890 1080 in
915 1038 1008 1080 foro
1025 1038 1252 1096 proposui.
1289 1057 1308 1078 »
1350 1039 1552 1097 Cumque
1590 1043 1766 1096 emptor

276 1109 517 1152 subsiliens
568 1125 702 1167 super
752 1125 863 1151 arcae
913 1109 1186 1166 crepidinem
1236 1110 1290 1152 de
1332 1114 1487 1152 ventre
1530 1110 1761 1168 penderet,

277 1178 421 1234 capite
448 1193 498 1220 ac
522 1178 719 1219 humeris
746 1177 790 1219 in
819 1193 955 1219 unam
987 1177 1385 1234 procumbentibus
1414 1193 1577 1232 arcam,
1620 1177 1765 1220 bonus

276 1246 484 1289 venditor
506 1262 531 1288 a
554 1251 681 1302 tergo
705 1246 893 1302 positus,
923 1246 1098 1287 sullatis
1116 1245 1134 1272 ¹²
1157 1246 1386 1288 hominem
1400 1246 1629 1288 incautum
1641 1245 1765 1303 pedi-

277 1313 378 1366 bus,
408 1318 591 1371 repente
613 1313 821 1356 trudebat
844 1314 889 1355 in
907 1329 1070 1365 arcam,
1101 1318 1146 1356 et
1172 1313 1345 1370 dejecto
1385 1329 1518 1371 super
1560 1318 1765 1356 ruentem

283 1382 508 1438 operculo,
556 1386 654 1424 tuto
712 1381 919 1424 servabat
977 1397 1119 1439 usque
1175 1382 1231 1424 ad
1284 1382 1353 1424 sui
1411 1382 1765 1439 redemptionem

278 1449 521 1506 ergastulo.

338 1518 443 1560 Haec
470 1517 515 1559 in
534 1518 644 1560 urbe
666 1522 711 1559 et
728 1518 798 1560 his
815 1517 978 1559 similia
992 1517 1276 1574 gerebantur.
1298 1518 1447 1572 Furta,
1472 1518 1608 1560 immo
1630 1518 1766 1560 latro-

276 1589 390 1630 cinia
415 1604 495 1646 per
526 1589 743 1645 primores
776 1595 820 1631 et
856 1589 1101 1646 primorum
1139 1588 1413 1646 apparitores
1450 1588 1628 1646 publice
1664 1603 1765 1645 age-

276 1656 454 1699 bantur.
499 1657 624 1698 Nulli
671 1656 878 1699 noctibus
914 1657 1171 1714 procedenti
1213 1657 1426 1699 securitas
1463 1656 1763 1714 praebebatur,

278 1725 425 1767 solum
448 1724 646 1767 restabat
670 1730 746 1767 aut
773 1725 976 1778 distrahi,
997 1729 1073 1766 aut
1093 1725 1206 1781 capi,
1234 1729 1310 1766 aut
1335 1724 1459 1767 caedi.

337 1792 469 1844 Quod
512 1793 847 1835 considerantes
886 1793 1031 1835 clerus
1076 1809 1179 1835 cum
1214 1792 1536 1834 archidiaconis
1580 1808 1631 1835 ac
1663 1808 1766 1850 pro-

276 1876 415 1914 ceres,
443 1865 486 1902 et
520 1876 676 1903 causas
704 1861 914 1917 exigendi
946 1877 970 1903 a
999 1862 1166 1918 populo
1196 1860 1438 1918 pecunias⁰
1473 1865 1762 1917 aucupantes,

277 1929 386 1971 dant
421 1929 484 1970 eis
525 1944 605 1986 per
640 1929 946 1971 internuncios
985 1930 1229 1986 optionem,
1270 1933 1334 1981 ut,
1369 1928 1406 1970 si
1443 1928 1585 1986 pretia
1632 1928 1766 1984 digna

275 1997 604 2054 impenderent,
647 1997 975 2038 communionis
1013 1997 1225 2039 faciendae
1260 1996 1489 2038 licentiam
1529 1995 1761 2038 haberent.

277 2067 543 2110 Communio
595 2072 746 2109 autem
786 2083 955 2109 novum
1005 2083 1053 2109 ac
1101 2068 1349 2125 pessimum
1395 2082 1559 2109 nomen
1607 2066 1669 2108 sic
1717 2082 1765 2108 se

275 2135 426 2189 habet,
446 2140 497 2177 ut
532 2135 675 2192 capite
706 2136 828 2177 censi
849 2136 865 2164 '2
905 2151 1060 2177 omnes
1085 2135 1269 2177 solitum
1293 2135 1524 2177 servitutis
1562 2134 1765 2176 debitum

276 2203 469 2245 dominis
491 2204 629 2245 semel
644 2203 689 2244 in
716 2219 832 2244 anno
861 2203 1055 2255 solvant,
1086 2209 1130 2245 et
1152 2203 1190 2245 si
1210 2203 1319 2260 quid
1353 2207 1504 2244 contra
1527 2202 1627 2260 jura
1654 2202 1767 2244 deli-

276 2272 468 2329 querint,
493 2271 706 2327 pensione
738 2272 872 2327 legali
897 2272 1162 2324 emendent;
1193 2276 1362 2312 caeterae
1389 2285 1605 2312 censuum
1635 2285 1766 2312 exac-

316 2393 348 2414 ει.
376 2382 619 2455 prqgsuirendi
646 2383 683 2414 B.
708 2382 944 2424 perquirenti
972 2383 1015 2414 D.
1045 2400 1085 2405 —
1108 2383 1145 2414 b.
1172 2382 1327 2414 sublatis
1356 2382 1401 2412 D.
1426 2400 1467 2404 —
1496 2391 1525 2413 c.
1547 2381 1721 2423 pecunias
1751 2391 1770 2412 a

278 2434 413 2466 popuo
469 2449 474 2455 .

306 2558 347 2602 .¹·
370 2555 419 2604 ¹Ce
447 2556 523 2585 mot
552 2554 690 2594 signifie
717 2555 769 2585 les
797 2554 990 2594 bourgeois
1021 2555 1064 2585 de
1093 2555 1201 2594 Laon,
1233 2554 1417 2585 habitants
1443 2554 1487 2584 de
1514 2553 1547 2584 la
1568 2552 1693 2584 civitas
1718 2553 1765 2583 du

279 2597 472 2668 digoelsleest
496 2637 674 2677 question,
701 2647 764 2676 par
787 2646 846 2667 ces
870 2639 977 2676 mots,
997 2638 1041 2668 de
1065 2636 1248 2668 servitude
1276 2635 1516 2676 personnelle,
1542 2634 1764 2666 c’est-a-dire

275 2678 462 2709 inherente
480 2678 499 2708 a
516 2679 548 2709 la
563 2678 749 2709 condition
763 2678 947 2718 juridique
965 2679 1027 2709 des
1045 2678 1146 2717 serss,
1165 2680 1201 2708 et
1218 2687 1289 2708 non
1310 2678 1353 2708 de
1371 2677 1554 2708 servitude
1575 2675 1694 2714 reale,
1718 2685 1763 2706 en

275 2720 430 2750 relation
451 2729 539 2750 avec
562 2719 594 2750 la
615 2720 801 2750 condition
826 2720 869 2749 de
894 2720 926 2750 la
954 2722 1059 2750 terre.
1080 2719 1127 2749 La
1151 2719 1336 2750 condition
1360 2719 1423 2749 des
1445 2717 1559 2759 capite
1585 2716 1684 2748 censi
1708 2717 1764 2748 sut

274 2760 401 2842 ἓόῆἰὲἒὲ)
411 2771 470 2801 par
483 2760 628 2791 l'article
648 2761 695 2791 IX
713 2761 755 2791 de
777 2760 810 2790 la
830 2761 951 2791 charte
970 2761 1013 2791 dc
1035 2763 1113 2791 1128
1133 2760 1306 2801 (Ordonn.
1326 2759 1387 2791 des
1405 2759 1487 2790 Rois
1504 2758 1547 2790 de
1564 2759 1636 2797 Fr„
1654 2759 1680 2789 t.
1700 2758 1761 2797 XI,
