<?xml version="1.0" encoding="UTF-8"?>
<!DOCTYPE html PUBLIC "-//W3C//DTD XHTML 1.0 Transitional//EN"
    "http://www.w3.org/TR/xhtml1/DTD/xhtml1-transitional.dtd">
<html xmlns="http://www.w3.org/1999/xhtml" xml:lang="en" lang="en">
 <head>
  <title>
</title>
<meta http-equiv="Content-Type" content="text/html;charset=utf-8" />
  <meta name='ocr-system' content='tesseract 3.04.00' />
  <meta name='ocr-capabilities' content='ocr_page ocr_carea ocr_par ocr_line ocrx_word'/>
</head>
<body>
  <div class='ocr_page' id='page_1' title='image "./histoiredesavie100guibuoft_0228.png"; bbox 0 0 1930 3224; ppageno 0'>
   <div class='ocr_carea' id='block_1_1' title="bbox 1695 0 1930 95">
    <p class='ocr_par' dir='ltr' id='par_1_1' title="bbox 1695 0 1930 95">
     <span class='ocr_line' id='line_1_1' title="bbox 1695 0 1930 95; baseline 0 3129"><span class='ocrx_word' id='word_1_1' title='bbox 1695 0 1930 95; x_wconf 95' lang='lat' dir='ltr'> </span> 
     </span>
    </p>
   </div>
   <div class='ocr_carea' id='block_1_2' title="bbox 275 254 1367 300">
    <p class='ocr_par' dir='ltr' id='par_1_2' title="bbox 275 254 1367 300">
     <span class='ocr_line' id='line_1_2' title="bbox 275 254 1367 300; baseline 0.003 -3"><span class='ocrx_word' id='word_1_2' title='bbox 275 254 359 297; x_wconf 65' lang='lat'>&#39;¹54</span> <span class='ocrx_word' id='word_1_3' title='bbox 673 271 772 300; x_wconf 80' lang='lat' dir='ltr'>VEN.</span> <span class='ocrx_word' id='word_1_4' title='bbox 809 271 1001 299; x_wconf 84' lang='lat' dir='ltr'>GUlBERTI</span> <span class='ocrx_word' id='word_1_5' title='bbox 1036 272 1140 300; x_wconf 85' lang='lat' dir='ltr'>VITAE</span> <span class='ocrx_word' id='word_1_6' title='bbox 1173 272 1290 300; x_wconf 81' lang='lat' dir='ltr'>LIBER</span> <span class='ocrx_word' id='word_1_7' title='bbox 1324 273 1367 300; x_wconf 86' lang='lat'>111</span> 
     </span>
    </p>
   </div>
   <div class='ocr_carea' id='block_1_3' title="bbox 252 367 1756 2530">
    <p class='ocr_par' dir='ltr' id='par_1_3' title="bbox 259 367 1756 1380">
     <span class='ocr_line' id='line_1_3' title="bbox 272 367 1756 429; baseline 0.003 -20"><span class='ocrx_word' id='word_1_8' title='bbox 272 367 325 409; x_wconf 93' lang='lat' dir='ltr'>de</span> <span class='ocrx_word' id='word_1_9' title='bbox 355 367 511 410; x_wconf 83' lang='lat' dir='ltr'>Saltu¹</span> <span class='ocrx_word' id='word_1_10' title='bbox 557 369 921 411; x_wconf 88' lang='lat' dir='ltr'>conventiculum</span> <span class='ocrx_word' id='word_1_11' title='bbox 952 369 1239 424; x_wconf 82' lang='lat' dir='ltr'>celebrasset,</span> <span class='ocrx_word' id='word_1_12' title='bbox 1275 371 1391 413; x_wconf 91' lang='lat' dir='ltr'>inter</span> <span class='ocrx_word' id='word_1_13' title='bbox 1424 371 1601 424; x_wconf 87' lang='lat' dir='ltr'>missas,</span> <span class='ocrx_word' id='word_1_14' title='bbox 1645 386 1756 429; x_wconf 80' lang='lat' dir='ltr'>quas</span> 
     </span>
     <span class='ocr_line' id='line_1_4' title="bbox 268 435 1756 496; baseline 0.003 -19"><span class='ocrx_word' id='word_1_15' title='bbox 268 435 379 477; x_wconf 86' lang='lat' dir='ltr'>inibi</span> <span class='ocrx_word' id='word_1_16' title='bbox 413 436 591 493; x_wconf 85' lang='lat' dir='ltr'>agebat,</span> <span class='ocrx_word' id='word_1_17' title='bbox 637 437 1129 479; x_wconf 84' lang='lat' dir='ltr'>excommunicaturum</span> <span class='ocrx_word' id='word_1_18' title='bbox 1170 453 1216 480; x_wconf 90' lang='lat' dir='ltr'>se</span> <span class='ocrx_word' id='word_1_19' title='bbox 1262 454 1353 491; x_wconf 91' lang='lat' dir='ltr'>eos,</span> <span class='ocrx_word' id='word_1_20' title='bbox 1389 439 1467 496; x_wconf 92' lang='lat' dir='ltr'>qui</span> <span class='ocrx_word' id='word_1_21' title='bbox 1501 438 1756 496; x_wconf 85' lang='lat' dir='ltr'>conjuratos</span> 
     </span>
     <span class='ocr_line' id='line_1_5' title="bbox 267 502 1756 564; baseline 0.004 -20"><span class='ocrx_word' id='word_1_22' title='bbox 267 502 372 545; x_wconf 93' lang='lat' dir='ltr'>illos</span> <span class='ocrx_word' id='word_1_23' title='bbox 399 503 532 546; x_wconf 90' lang='lat' dir='ltr'>rebus</span> <span class='ocrx_word' id='word_1_24' title='bbox 566 504 658 546; x_wconf 89' lang='lat' dir='ltr'>suis</span> <span class='ocrx_word' id='word_1_25' title='bbox 690 505 1028 558; x_wconf 88' lang='lat' dir='ltr'>addamnarant,</span> <span class='ocrx_word' id='word_1_26' title='bbox 1062 505 1260 548; x_wconf 89' lang='lat' dir='ltr'>Gerardo</span> <span class='ocrx_word' id='word_1_27' title='bbox 1300 511 1549 564; x_wconf 81' lang='lat' dir='ltr'>perempte,</span> <span class='ocrx_word' id='word_1_28' title='bbox 1585 511 1661 550; x_wconf 72' lang='lat' dir='ltr'>et⁸</span> <span class='ocrx_word' id='word_1_29' title='bbox 1699 506 1756 549; x_wconf 81' lang='lat' dir='ltr'>ab</span> 
     </span>
     <span class='ocr_line' id='line_1_6' title="bbox 266 570 1752 630; baseline 0.003 -18"><span class='ocrx_word' id='word_1_30' title='bbox 266 570 374 612; x_wconf 91' lang='lat' dir='ltr'>urbe</span> <span class='ocrx_word' id='word_1_31' title='bbox 395 571 668 628; x_wconf 82' lang='lat' dir='ltr'>prodierant,</span> <span class='ocrx_word' id='word_1_32' title='bbox 692 572 973 629; x_wconf 81' lang='lat' dir='ltr'>pronunciat.</span> <span class='ocrx_word' id='word_1_33' title='bbox 1008 573 1138 625; x_wconf 91' lang='lat' dir='ltr'>Quod</span> <span class='ocrx_word' id='word_1_34' title='bbox 1166 589 1268 616; x_wconf 90' lang='lat' dir='ltr'>cum</span> <span class='ocrx_word' id='word_1_35' title='bbox 1297 590 1379 630; x_wconf 81' lang='lat' dir='ltr'>ego</span> <span class='ocrx_word' id='word_1_36' title='bbox 1406 574 1468 616; x_wconf 91' lang='lat' dir='ltr'>sic</span> <span class='ocrx_word' id='word_1_37' title='bbox 1495 574 1582 616; x_wconf 91' lang='lat' dir='ltr'>dici</span> <span class='ocrx_word' id='word_1_38' title='bbox 1625 574 1752 617; x_wconf 88' lang='lat' dir='ltr'>audi-</span> 
     </span>
     <span class='ocr_line' id='line_1_7' title="bbox 266 638 1753 699; baseline 0.003 -20"><span class='ocrx_word' id='word_1_39' title='bbox 266 638 448 691; x_wconf 88' lang='lat' dir='ltr'>vissem,</span> <span class='ocrx_word' id='word_1_40' title='bbox 489 639 665 681; x_wconf 90' lang='lat' dir='ltr'>cuidam</span> <span class='ocrx_word' id='word_1_41' title='bbox 700 640 907 682; x_wconf 75' lang='lat' dir='ltr'>coabbati</span> <span class='ocrx_word' id='word_1_42' title='bbox 954 656 1052 683; x_wconf 93' lang='lat' dir='ltr'>meo</span> <span class='ocrx_word' id='word_1_43' title='bbox 1091 642 1306 684; x_wconf 82' lang='lat' dir='ltr'>assidenti</span> <span class='ocrx_word' id='word_1_44' title='bbox 1349 642 1473 693; x_wconf 90' lang='lat' dir='ltr'>mihi,</span> <span class='ocrx_word' id='word_1_45' title='bbox 1521 642 1617 684; x_wconf 89' lang='lat' dir='ltr'>auri</span> <span class='ocrx_word' id='word_1_46' title='bbox 1657 642 1753 699; x_wconf 71' lang='lat' dir='ltr'>eJus</span> 
     </span>
     <span class='ocr_line' id='line_1_8' title="bbox 264 705 1746 766; baseline 0.003 -19"><span class='ocrx_word' id='word_1_47' title='bbox 264 705 627 760; x_wconf 82' lang='lat' dir='ltr'>immurmurans,</span> <span class='ocrx_word' id='word_1_48' title='bbox 677 708 746 749; x_wconf 91' lang='lat' dir='ltr'>aio</span> <span class='ocrx_word' id='word_1_49' title='bbox 783 721 792 750; x_wconf 90' lang='lat'>:</span> <span class='ocrx_word' id='word_1_50' title='bbox 837 726 857 747; x_wconf 91' lang='lat'>«</span> <span class='ocrx_word' id='word_1_51' title='bbox 899 708 1036 762; x_wconf 90' lang='lat' dir='ltr'>Audi,</span> <span class='ocrx_word' id='word_1_52' title='bbox 1072 724 1239 766; x_wconf 85' lang='lat' dir='ltr'>quaeso,</span> <span class='ocrx_word' id='word_1_53' title='bbox 1282 725 1377 751; x_wconf 88' lang='lat' dir='ltr'>rem</span> <span class='ocrx_word' id='word_1_54' title='bbox 1412 714 1746 766; x_wconf 83' lang='lat' dir='ltr'>praeposteram.</span> 
     </span>
     <span class='ocr_line' id='line_1_9' title="bbox 265 776 1750 837; baseline 0.004 -20"><span class='ocrx_word' id='word_1_55' title='bbox 265 776 663 819; x_wconf 85' lang='lat' dir='ltr'>Excommunicare</span> <span class='ocrx_word' id='word_1_56' title='bbox 685 778 899 821; x_wconf 84' lang='lat' dir='ltr'>debuerat</span> <span class='ocrx_word' id='word_1_57' title='bbox 916 794 1007 832; x_wconf 92' lang='lat' dir='ltr'>eos,</span> <span class='ocrx_word' id='word_1_58' title='bbox 1038 780 1114 837; x_wconf 92' lang='lat' dir='ltr'>qui</span> <span class='ocrx_word' id='word_1_59' title='bbox 1132 795 1258 822; x_wconf 86' lang='lat' dir='ltr'>suam</span> <span class='ocrx_word' id='word_1_60' title='bbox 1284 786 1378 823; x_wconf 89' lang='lat' dir='ltr'>tam</span> <span class='ocrx_word' id='word_1_61' title='bbox 1399 781 1619 823; x_wconf 88' lang='lat' dir='ltr'>horrendo</span> <span class='ocrx_word' id='word_1_62' title='bbox 1646 780 1750 823; x_wconf 84' lang='lat' dir='ltr'>faci-</span> 
     </span>
     <span class='ocr_line' id='line_1_10' title="bbox 262 845 1750 906; baseline 0.003 -21"><span class='ocrx_word' id='word_1_63' title='bbox 262 859 368 886; x_wconf 90' lang='lat' dir='ltr'>nore</span> <span class='ocrx_word' id='word_1_64' title='bbox 412 845 792 888; x_wconf 84' lang='lat' dir='ltr'>attaminaverunt</span> <span class='ocrx_word' id='word_1_65' title='bbox 839 846 1089 900; x_wconf 87' lang='lat' dir='ltr'>ecclesiam,</span> <span class='ocrx_word' id='word_1_66' title='bbox 1132 853 1175 890; x_wconf 86' lang='lat' dir='ltr'>et</span> <span class='ocrx_word' id='word_1_67' title='bbox 1210 848 1304 906; x_wconf 91' lang='lat' dir='ltr'>ipse</span> <span class='ocrx_word' id='word_1_68' title='bbox 1346 849 1391 890; x_wconf 91' lang='lat' dir='ltr'>in</span> <span class='ocrx_word' id='word_1_69' title='bbox 1424 848 1750 891; x_wconf 84' lang='lat' dir='ltr'>homicidarum</span> 
     </span>
     <span class='ocr_line' id='line_1_11' title="bbox 261 912 1746 973; baseline 0.001 -20"><span class='ocrx_word' id='word_1_70' title='bbox 261 912 555 968; x_wconf 74' lang='lat' dir='ltr'>punitorumb</span> <span class='ocrx_word' id='word_1_71' title='bbox 572 912 717 969; x_wconf 86' lang='lat' dir='ltr'>justas</span> <span class='ocrx_word' id='word_1_72' title='bbox 741 918 785 956; x_wconf 91' lang='lat' dir='ltr'>et</span> <span class='ocrx_word' id='word_1_73' title='bbox 811 914 1010 956; x_wconf 88' lang='lat' dir='ltr'>criminis</span> <span class='ocrx_word' id='word_1_74' title='bbox 1034 915 1234 958; x_wconf 88' lang='lat' dir='ltr'>vindices</span> <span class='ocrx_word' id='word_1_75' title='bbox 1255 931 1411 973; x_wconf 86' lang='lat' dir='ltr'>poenas</span> <span class='ocrx_word' id='word_1_76' title='bbox 1443 916 1691 959; x_wconf 88' lang='lat' dir='ltr'>ulciscitur.</span> <span class='ocrx_word' id='word_1_77' title='bbox 1725 933 1746 955; x_wconf 87' lang='lat'>»</span> 
     </span>
     <span class='ocr_line' id='line_1_12' title="bbox 260 979 1748 1037; baseline 0.004 -17"><span class='ocrx_word' id='word_1_78' title='bbox 260 979 324 1021; x_wconf 89' lang='lat' dir='ltr'>At</span> <span class='ocrx_word' id='word_1_79' title='bbox 370 980 605 1037; x_wconf 90' lang='lat' dir='ltr'>episcopus</span> <span class='ocrx_word' id='word_1_80' title='bbox 644 982 845 1023; x_wconf 91' lang='lat' dir='ltr'>omnium</span> <span class='ocrx_word' id='word_1_81' title='bbox 883 982 1101 1025; x_wconf 87' lang='lat' dir='ltr'>bonarum</span> <span class='ocrx_word' id='word_1_82' title='bbox 1139 984 1515 1026; x_wconf 84' lang='lat' dir='ltr'>conscientiarum</span> <span class='ocrx_word' id='word_1_83' title='bbox 1544 983 1748 1037; x_wconf 88' lang='lat' dir='ltr'>timidus,</span> 
     </span>
     <span class='ocr_line' id='line_1_13' title="bbox 260 1049 1747 1102; baseline 0.004 -14"><span class='ocrx_word' id='word_1_84' title='bbox 260 1063 361 1089; x_wconf 91' lang='lat' dir='ltr'>cum</span> <span class='ocrx_word' id='word_1_85' title='bbox 385 1063 454 1090; x_wconf 91' lang='lat' dir='ltr'>me</span> <span class='ocrx_word' id='word_1_86' title='bbox 483 1049 719 1091; x_wconf 88' lang='lat' dir='ltr'>mussitare</span> <span class='ocrx_word' id='word_1_87' title='bbox 739 1050 942 1102; x_wconf 89' lang='lat' dir='ltr'>vidisset,</span> <span class='ocrx_word' id='word_1_88' title='bbox 969 1056 1093 1093; x_wconf 89' lang='lat' dir='ltr'>ratus</span> <span class='ocrx_word' id='word_1_89' title='bbox 1120 1056 1188 1094; x_wconf 87' lang='lat' dir='ltr'>est</span> <span class='ocrx_word' id='word_1_90' title='bbox 1221 1052 1274 1094; x_wconf 92' lang='lat' dir='ltr'>de</span> <span class='ocrx_word' id='word_1_91' title='bbox 1316 1067 1362 1094; x_wconf 89' lang='lat' dir='ltr'>se</span> <span class='ocrx_word' id='word_1_92' title='bbox 1409 1052 1596 1094; x_wconf 90' lang='lat' dir='ltr'>verbum</span> <span class='ocrx_word' id='word_1_93' title='bbox 1636 1051 1747 1096; x_wconf 89' lang='lat' dir='ltr'>fieri.</span> 
     </span>
     <span class='ocr_line' id='line_1_14' title="bbox 263 1107 1750 1173; baseline 0.005 -18"><span class='ocrx_word' id='word_1_94' title='bbox 263 1115 446 1169; x_wconf 87' lang='lat' dir='ltr'>«Quid,</span> <span class='ocrx_word' id='word_1_95' title='bbox 486 1116 645 1173; x_wconf 90' lang='lat' dir='ltr'>inquit,</span> <span class='ocrx_word' id='word_1_96' title='bbox 698 1107 862 1170; x_wconf 89' lang='lat' dir='ltr'>dicitis,</span> <span class='ocrx_word' id='word_1_97' title='bbox 906 1119 1084 1161; x_wconf 91' lang='lat' dir='ltr'>domine</span> <span class='ocrx_word' id='word_1_98' title='bbox 1132 1119 1246 1161; x_wconf 90' lang='lat' dir='ltr'>abba</span> <span class='ocrx_word' id='word_1_99' title='bbox 1260 1122 1280 1162; x_wconf 63' lang='grc' dir='ltr'>ἶ)</span> <span class='ocrx_word' id='word_1_100' title='bbox 1302 1138 1323 1159; x_wconf 91' lang='lat'>»</span> <span class='ocrx_word' id='word_1_101' title='bbox 1373 1120 1495 1162; x_wconf 92' lang='lat' dir='ltr'>Tunc</span> <span class='ocrx_word' id='word_1_102' title='bbox 1540 1119 1750 1162; x_wconf 83' lang='lat' dir='ltr'>Galterus</span> 
     </span>
     <span class='ocr_line' id='line_1_15' title="bbox 259 1184 1746 1245; baseline 0.003 -21"><span class='ocrx_word' id='word_1_103' title='bbox 259 1184 598 1226; x_wconf 81' lang='lat' dir='ltr'>archidiaconus</span> <span class='ocrx_word' id='word_1_104' title='bbox 644 1201 741 1227; x_wconf 84' lang='lat' dir='ltr'>sese</span> <span class='ocrx_word' id='word_1_105' title='bbox 793 1187 1059 1243; x_wconf 86' lang='lat' dir='ltr'>proripiens,</span> <span class='ocrx_word' id='word_1_106' title='bbox 1113 1192 1354 1245; x_wconf 85' lang='lat' dir='ltr'>antequam</span> <span class='ocrx_word' id='word_1_107' title='bbox 1400 1187 1524 1244; x_wconf 91' lang='lat' dir='ltr'>loqui</span> <span class='ocrx_word' id='word_1_108' title='bbox 1563 1187 1746 1231; x_wconf 86' lang='lat' dir='ltr'>liceret:</span> 
     </span>
     <span class='ocr_line' id='line_1_16' title="bbox 262 1255 1747 1315; baseline 0.003 -20"><span class='ocrx_word' id='word_1_109' title='bbox 262 1273 281 1294; x_wconf 89' lang='lat'>«</span> <span class='ocrx_word' id='word_1_110' title='bbox 306 1255 458 1311; x_wconf 81' lang='lat' dir='ltr'>Agite,</span> <span class='ocrx_word' id='word_1_111' title='bbox 483 1256 560 1306; x_wconf 86' lang='lat' dir='ltr'>ait,</span> <span class='ocrx_word' id='word_1_112' title='bbox 594 1256 788 1309; x_wconf 87' lang='lat' dir='ltr'>domine,</span> <span class='ocrx_word' id='word_1_113' title='bbox 826 1273 925 1315; x_wconf 81' lang='lat' dir='ltr'>quae</span> <span class='ocrx_word' id='word_1_114' title='bbox 958 1258 1188 1315; x_wconf 84' lang='lat' dir='ltr'>coepistis;</span> <span class='ocrx_word' id='word_1_115' title='bbox 1216 1258 1424 1300; x_wconf 91' lang='lat' dir='ltr'>dominus</span> <span class='ocrx_word' id='word_1_116' title='bbox 1459 1258 1598 1300; x_wconf 86' lang='lat' dir='ltr'>abbas</span> <span class='ocrx_word' id='word_1_117' title='bbox 1633 1257 1747 1300; x_wconf 88' lang='lat' dir='ltr'>alias</span> 
     </span>
     <span class='ocr_line' id='line_1_17' title="bbox 259 1322 591 1380; baseline -0.006 -17"><span class='ocrx_word' id='word_1_118' title='bbox 259 1322 540 1380; x_wconf 86' lang='lat' dir='ltr'>loquebatur.</span> <span class='ocrx_word' id='word_1_119' title='bbox 572 1342 591 1362; x_wconf 88' lang='lat'>»</span> 
     </span>
    </p>

    <p class='ocr_par' dir='ltr' id='par_1_4' title="bbox 252 1390 1751 2530">
     <span class='ocr_line' id='line_1_18' title="bbox 316 1390 1746 1452; baseline 0.003 -21"><span class='ocrx_word' id='word_1_120' title='bbox 316 1390 738 1435; x_wconf 88' lang='lat' dir='ltr'>Excommunicavit</span> <span class='ocrx_word' id='word_1_121' title='bbox 762 1393 932 1449; x_wconf 65' lang='lat' dir='ltr'>igitur,</span> <span class='ocrx_word' id='word_1_122' title='bbox 974 1393 1091 1435; x_wconf 92' lang='lat' dir='ltr'>clero</span> <span class='ocrx_word' id='word_1_123' title='bbox 1132 1399 1176 1436; x_wconf 91' lang='lat' dir='ltr'>et</span> <span class='ocrx_word' id='word_1_124' title='bbox 1196 1394 1363 1452; x_wconf 91' lang='lat' dir='ltr'>populo</span> <span class='ocrx_word' id='word_1_125' title='bbox 1390 1394 1746 1437; x_wconf 86' lang='lat' dir='ltr'>excommunica-</span> 
     </span>
     <span class='ocr_line' id='line_1_19' title="bbox 263 1461 1746 1522; baseline 0.003 -20"><span class='ocrx_word' id='word_1_126' title='bbox 263 1461 433 1503; x_wconf 90' lang='lat' dir='ltr'>tionem</span> <span class='ocrx_word' id='word_1_127' title='bbox 470 1463 609 1504; x_wconf 88' lang='lat' dir='ltr'>talem</span> <span class='ocrx_word' id='word_1_128' title='bbox 656 1463 1001 1518; x_wconf 82' lang='lat' dir='ltr'>detestantibus,</span> <span class='ocrx_word' id='word_1_129' title='bbox 1055 1465 1173 1518; x_wconf 89' lang='lat' dir='ltr'>illos,</span> <span class='ocrx_word' id='word_1_130' title='bbox 1223 1465 1299 1522; x_wconf 89' lang='lat' dir='ltr'>qui</span> <span class='ocrx_word' id='word_1_131' title='bbox 1341 1465 1746 1521; x_wconf 87' lang='lat' dir='ltr'>commanipulares</span> 
     </span>
     <span class='ocr_line' id='line_1_20' title="bbox 259 1529 1745 1590; baseline 0.003 -20"><span class='ocrx_word' id='word_1_132' title='bbox 259 1529 579 1586; x_wconf 87' lang='lat' dir='ltr'>sacrilegorum</span> <span class='ocrx_word' id='word_1_133' title='bbox 607 1531 864 1573; x_wconf 81' lang='lat' dir='ltr'>carnificum</span> <span class='ocrx_word' id='word_1_134' title='bbox 896 1532 1118 1576; x_wconf 59' lang='lat' dir='ltr'>laeserant.</span> <span class='ocrx_word' id='word_1_135' title='bbox 1158 1533 1378 1575; x_wconf 85' lang='lat' dir='ltr'>Diuturna</span> <span class='ocrx_word' id='word_1_136' title='bbox 1417 1533 1567 1590; x_wconf 85' lang='lat' dir='ltr'>itaque</span> <span class='ocrx_word' id='word_1_137' title='bbox 1606 1533 1745 1575; x_wconf 89' lang='lat' dir='ltr'>totius</span> 
     </span>
     <span class='ocr_line' id='line_1_21' title="bbox 258 1597 1740 1658; baseline 0.003 -20"><span class='ocrx_word' id='word_1_138' title='bbox 258 1597 383 1639; x_wconf 88' lang='lat' dir='ltr'>urbis</span> <span class='ocrx_word' id='word_1_139' title='bbox 404 1597 448 1640; x_wconf 80' lang='lat' dir='ltr'>et</span> <span class='ocrx_word' id='word_1_140' title='bbox 468 1599 729 1640; x_wconf 76' lang='lat' dir='ltr'>dioceseos⁶</span> <span class='ocrx_word' id='word_1_141' title='bbox 749 1600 956 1642; x_wconf 86' lang='lat' dir='ltr'>simultas</span> <span class='ocrx_word' id='word_1_142' title='bbox 973 1601 1188 1643; x_wconf 87' lang='lat' dir='ltr'>adversus</span> <span class='ocrx_word' id='word_1_143' title='bbox 1222 1601 1479 1658; x_wconf 90' lang='lat' dir='ltr'>episcopum</span> <span class='ocrx_word' id='word_1_144' title='bbox 1515 1600 1614 1655; x_wconf 87' lang='lat' dir='ltr'>fuit,</span> <span class='ocrx_word' id='word_1_145' title='bbox 1639 1601 1740 1658; x_wconf 88' lang='lat' dir='ltr'>quia</span> 
     </span>
     <span class='ocr_line' id='line_1_22' title="bbox 259 1665 1742 1726; baseline 0.003 -20"><span class='ocrx_word' id='word_1_146' title='bbox 259 1665 445 1707; x_wconf 85' lang='lat' dir='ltr'>Gerardi</span> <span class='ocrx_word' id='word_1_147' title='bbox 467 1667 686 1709; x_wconf 87' lang='lat' dir='ltr'>occisores</span> <span class='ocrx_word' id='word_1_148' title='bbox 715 1669 1101 1710; x_wconf 87' lang='lat' dir='ltr'>excommunicare</span> <span class='ocrx_word' id='word_1_149' title='bbox 1128 1673 1328 1725; x_wconf 86' lang='lat' dir='ltr'>tempore</span> <span class='ocrx_word' id='word_1_150' title='bbox 1363 1684 1451 1710; x_wconf 88' lang='lat' dir='ltr'>non</span> <span class='ocrx_word' id='word_1_151' title='bbox 1486 1684 1622 1726; x_wconf 90' lang='lat' dir='ltr'>parvo</span> <span class='ocrx_word' id='word_1_152' title='bbox 1650 1668 1742 1710; x_wconf 90' lang='lat' dir='ltr'>dis-</span> 
     </span>
     <span class='ocr_line' id='line_1_23' title="bbox 254 1733 1740 1794; baseline 0.003 -19"><span class='ocrx_word' id='word_1_153' title='bbox 254 1733 420 1776; x_wconf 88' lang='lat' dir='ltr'>tulerit.</span> <span class='ocrx_word' id='word_1_154' title='bbox 453 1735 667 1788; x_wconf 88' lang='lat' dir='ltr'>Tandem,</span> <span class='ocrx_word' id='word_1_155' title='bbox 696 1735 801 1792; x_wconf 90' lang='lat' dir='ltr'>quia</span> <span class='ocrx_word' id='word_1_156' title='bbox 830 1751 876 1777; x_wconf 89' lang='lat' dir='ltr'>se</span> <span class='ocrx_word' id='word_1_157' title='bbox 916 1742 1173 1793; x_wconf 81' lang='lat' dir='ltr'>suspectum</span> <span class='ocrx_word' id='word_1_158' title='bbox 1212 1742 1256 1778; x_wconf 87' lang='lat' dir='ltr'>et</span> <span class='ocrx_word' id='word_1_159' title='bbox 1296 1752 1409 1794; x_wconf 92' lang='lat' dir='ltr'>pene</span> <span class='ocrx_word' id='word_1_160' title='bbox 1443 1736 1740 1779; x_wconf 83' lang='lat' dir='ltr'>execrabilem</span> 
     </span>
     <span class='ocr_line' id='line_1_24' title="bbox 255 1801 1738 1857; baseline 0.002 -14"><span class='ocrx_word' id='word_1_161' title='bbox 255 1801 408 1843; x_wconf 89' lang='lat' dir='ltr'>haberi</span> <span class='ocrx_word' id='word_1_162' title='bbox 445 1802 614 1845; x_wconf 89' lang='lat' dir='ltr'>sciebat</span> <span class='ocrx_word' id='word_1_163' title='bbox 652 1802 707 1844; x_wconf 85' lang='lat' dir='ltr'>ab</span> <span class='ocrx_word' id='word_1_164' title='bbox 749 1804 974 1857; x_wconf 86' lang='lat' dir='ltr'>omnibus,</span> <span class='ocrx_word' id='word_1_165' title='bbox 1016 1809 1220 1846; x_wconf 87' lang='lat' dir='ltr'>auctores</span> <span class='ocrx_word' id='word_1_166' title='bbox 1253 1804 1659 1847; x_wconf 84' lang='lat' dir='ltr'>excommunicavit</span> <span class='ocrx_word' id='word_1_167' title='bbox 1693 1810 1738 1847; x_wconf 82' lang='lat' dir='ltr'>et</span> 
     </span>
     <span class='ocr_line' id='line_1_25' title="bbox 253 1870 1739 1930; baseline 0.003 -20"><span class='ocrx_word' id='word_1_168' title='bbox 253 1870 470 1912; x_wconf 85' lang='lat' dir='ltr'>conscios.</span> <span class='ocrx_word' id='word_1_169' title='bbox 512 1870 733 1921; x_wconf 89' lang='lat' dir='ltr'>Quoniam</span> <span class='ocrx_word' id='word_1_170' title='bbox 782 1876 931 1913; x_wconf 88' lang='lat' dir='ltr'>autem</span> <span class='ocrx_word' id='word_1_171' title='bbox 974 1872 1138 1914; x_wconf 86' lang='lat' dir='ltr'>multas</span> <span class='ocrx_word' id='word_1_172' title='bbox 1179 1873 1391 1929; x_wconf 89' lang='lat' dir='ltr'>pecunias</span> <span class='ocrx_word' id='word_1_173' title='bbox 1434 1872 1739 1930; x_wconf 90' lang='lat' dir='ltr'>spoponderat</span> 
     </span>
     <span class='ocr_line' id='line_1_26' title="bbox 253 1940 1740 2000; baseline 0.003 -19"><span class='ocrx_word' id='word_1_174' title='bbox 253 1940 338 1987; x_wconf 81' lang='lat' dir='ltr'>his,</span> <span class='ocrx_word' id='word_1_175' title='bbox 379 1942 455 1997; x_wconf 88' lang='lat' dir='ltr'>qui</span> <span class='ocrx_word' id='word_1_176' title='bbox 500 1957 546 1983; x_wconf 87' lang='lat' dir='ltr'>se</span> <span class='ocrx_word' id='word_1_177' title='bbox 589 1946 631 1983; x_wconf 90' lang='lat' dir='ltr'>et</span> <span class='ocrx_word' id='word_1_178' title='bbox 674 1942 988 1999; x_wconf 82' lang='lat' dir='ltr'>praedictorum</span> <span class='ocrx_word' id='word_1_179' title='bbox 1024 1943 1284 1985; x_wconf 89' lang='lat' dir='ltr'>sicariorum</span> <span class='ocrx_word' id='word_1_180' title='bbox 1325 1943 1565 2000; x_wconf 86' lang='lat' dir='ltr'>complices</span> <span class='ocrx_word' id='word_1_181' title='bbox 1604 1951 1740 2000; x_wconf 87' lang='lat' dir='ltr'>penes</span> 
     </span>
     <span class='ocr_line' id='line_1_27' title="bbox 252 2009 1739 2068; baseline 0.003 -19"><span class='ocrx_word' id='word_1_182' title='bbox 252 2023 403 2064; x_wconf 84' lang='lat' dir='ltr'>regem</span> <span class='ocrx_word' id='word_1_183' title='bbox 425 2009 703 2065; x_wconf 84' lang='lat' dir='ltr'>adjuverant,</span> <span class='ocrx_word' id='word_1_184' title='bbox 725 2010 986 2052; x_wconf 83' lang='lat' dir='ltr'>lateralibus</span> <span class='ocrx_word' id='word_1_185' title='bbox 1016 2011 1224 2053; x_wconf 84' lang='lat' dir='ltr'>videlicet</span> <span class='ocrx_word' id='word_1_186' title='bbox 1263 2011 1396 2067; x_wconf 85' lang='lat' dir='ltr'>regis,</span> <span class='ocrx_word' id='word_1_187' title='bbox 1435 2026 1538 2053; x_wconf 91' lang='lat' dir='ltr'>cum</span> <span class='ocrx_word' id='word_1_188' title='bbox 1576 2011 1739 2068; x_wconf 87' lang='lat' dir='ltr'>coepis—</span> 
     </span>
     <span class='ocr_line' id='line_1_28' title="bbox 252 2076 1739 2135; baseline 0.002 -18"><span class='ocrx_word' id='word_1_189' title='bbox 252 2080 320 2117; x_wconf 89' lang='lat' dir='ltr'>set</span> <span class='ocrx_word' id='word_1_190' title='bbox 355 2076 603 2118; x_wconf 85' lang='lat' dir='ltr'>detractare</span> <span class='ocrx_word' id='word_1_191' title='bbox 657 2078 895 2134; x_wconf 87' lang='lat' dir='ltr'>promissa,</span> <span class='ocrx_word' id='word_1_192' title='bbox 944 2078 1043 2135; x_wconf 90' lang='lat' dir='ltr'>quis</span> <span class='ocrx_word' id='word_1_193' title='bbox 1088 2079 1221 2131; x_wconf 88' lang='lat' dir='ltr'>dicat,</span> <span class='ocrx_word' id='word_1_194' title='bbox 1263 2083 1431 2135; x_wconf 91' lang='lat' dir='ltr'>quanta</span> <span class='ocrx_word' id='word_1_195' title='bbox 1475 2079 1523 2120; x_wconf 90' lang='lat' dir='ltr'>in</span> <span class='ocrx_word' id='word_1_196' title='bbox 1559 2078 1739 2135; x_wconf 90' lang='lat' dir='ltr'>publico</span> 
     </span>
     <span class='ocr_line' id='line_1_29' title="bbox 252 2143 1738 2204; baseline 0.003 -20"><span class='ocrx_word' id='word_1_197' title='bbox 252 2143 520 2201; x_wconf 86' lang='lat' dir='ltr'>improperia</span> <span class='ocrx_word' id='word_1_198' title='bbox 558 2146 744 2198; x_wconf 89' lang='lat' dir='ltr'>audivit,</span> <span class='ocrx_word' id='word_1_199' title='bbox 776 2146 903 2187; x_wconf 88' lang='lat' dir='ltr'>dum</span> <span class='ocrx_word' id='word_1_200' title='bbox 942 2161 1073 2188; x_wconf 90' lang='lat' dir='ltr'>nemo</span> <span class='ocrx_word' id='word_1_201' title='bbox 1118 2162 1288 2200; x_wconf 91' lang='lat' dir='ltr'>eorum,</span> <span class='ocrx_word' id='word_1_202' title='bbox 1325 2147 1402 2204; x_wconf 90' lang='lat' dir='ltr'>qui</span> <span class='ocrx_word' id='word_1_203' title='bbox 1441 2147 1533 2188; x_wconf 90' lang='lat' dir='ltr'>suis</span> <span class='ocrx_word' id='word_1_204' title='bbox 1570 2147 1614 2188; x_wconf 92' lang='lat' dir='ltr'>in</span> <span class='ocrx_word' id='word_1_205' title='bbox 1656 2146 1738 2188; x_wconf 89' lang='lat' dir='ltr'>hoc</span> 
     </span>
     <span class='ocr_line' id='line_1_30' title="bbox 254 2212 1738 2271; baseline 0.002 -18"><span class='ocrx_word' id='word_1_206' title='bbox 254 2227 384 2268; x_wconf 91' lang='lat' dir='ltr'>opere</span> <span class='ocrx_word' id='word_1_207' title='bbox 413 2212 625 2254; x_wconf 85' lang='lat' dir='ltr'>favebant</span> <span class='ocrx_word' id='word_1_208' title='bbox 656 2214 876 2270; x_wconf 87' lang='lat' dir='ltr'>partibus,</span> <span class='ocrx_word' id='word_1_209' title='bbox 913 2215 1083 2270; x_wconf 86' lang='lat' dir='ltr'>regiam</span> <span class='ocrx_word' id='word_1_210' title='bbox 1109 2214 1257 2256; x_wconf 89' lang='lat' dir='ltr'>aulam</span> <span class='ocrx_word' id='word_1_211' title='bbox 1293 2214 1466 2271; x_wconf 84' lang='lat' dir='ltr'>ingredi</span> <span class='ocrx_word' id='word_1_212' title='bbox 1494 2229 1738 2271; x_wconf 81' lang='lat' dir='ltr'>praesume-</span> 
     </span>
     <span class='ocr_line' id='line_1_31' title="bbox 252 2280 1739 2340; baseline 0.002 -19"><span class='ocrx_word' id='word_1_213' title='bbox 252 2284 334 2332; x_wconf 89' lang='lat' dir='ltr'>ret,</span> <span class='ocrx_word' id='word_1_214' title='bbox 363 2280 502 2322; x_wconf 87' lang='lat' dir='ltr'>donec</span> <span class='ocrx_word' id='word_1_215' title='bbox 530 2296 683 2322; x_wconf 92' lang='lat' dir='ltr'>eorum</span> <span class='ocrx_word' id='word_1_216' title='bbox 710 2280 887 2323; x_wconf 90' lang='lat' dir='ltr'>funesta</span> <span class='ocrx_word' id='word_1_217' title='bbox 914 2282 1060 2339; x_wconf 89' lang='lat' dir='ltr'>capita</span> <span class='ocrx_word' id='word_1_218' title='bbox 1083 2297 1108 2323; x_wconf 89' lang='lat' dir='ltr'>a</span> <span class='ocrx_word' id='word_1_219' title='bbox 1134 2283 1268 2335; x_wconf 82' lang='lat' dir='ltr'>caede,</span> <span class='ocrx_word' id='word_1_220' title='bbox 1296 2298 1394 2340; x_wconf 86' lang='lat' dir='ltr'>quae</span> <span class='ocrx_word' id='word_1_221' title='bbox 1428 2282 1512 2324; x_wconf 91' lang='lat' dir='ltr'>sibi</span> <span class='ocrx_word' id='word_1_222' title='bbox 1540 2282 1739 2324; x_wconf 90' lang='lat' dir='ltr'>intenta-</span> 
     </span>
     <span class='ocr_line' id='line_1_32' title="bbox 253 2347 1735 2407; baseline 0.003 -19"><span class='ocrx_word' id='word_1_223' title='bbox 253 2347 399 2401; x_wconf 88' lang='lat' dir='ltr'>batur,</span> <span class='ocrx_word' id='word_1_224' title='bbox 431 2348 573 2390; x_wconf 92' lang='lat' dir='ltr'>multo</span> <span class='ocrx_word' id='word_1_225' title='bbox 591 2364 698 2390; x_wconf 87' lang='lat' dir='ltr'>auro</span> <span class='ocrx_word' id='word_1_226' title='bbox 732 2355 1006 2407; x_wconf 84' lang='lat' dir='ltr'>argentoque</span> <span class='ocrx_word' id='word_1_227' title='bbox 1043 2350 1297 2392; x_wconf 85' lang='lat' dir='ltr'>redimeret.</span> <span class='ocrx_word' id='word_1_228' title='bbox 1329 2351 1423 2392; x_wconf 88' lang='lat' dir='ltr'>Nec</span> <span class='ocrx_word' id='word_1_229' title='bbox 1458 2350 1552 2406; x_wconf 91' lang='lat' dir='ltr'>ipse</span> <span class='ocrx_word' id='word_1_230' title='bbox 1584 2354 1735 2392; x_wconf 88' lang='lat' dir='ltr'>tamen</span> 
     </span>
     <span class='ocr_line' id='line_1_33' title="bbox 253 2418 1751 2478; baseline 0.001 -18"><span class='ocrx_word' id='word_1_231' title='bbox 253 2418 308 2460; x_wconf 90' lang='lat' dir='ltr'>ab</span> <span class='ocrx_word' id='word_1_232' title='bbox 341 2418 528 2460; x_wconf 87' lang='lat' dir='ltr'>ecclesia</span> <span class='ocrx_word' id='word_1_233' title='bbox 559 2424 736 2476; x_wconf 87' lang='lat' dir='ltr'>poterat</span> <span class='ocrx_word' id='word_1_234' title='bbox 766 2421 978 2473; x_wconf 85' lang='lat' dir='ltr'>accusari,</span> <span class='ocrx_word' id='word_1_235' title='bbox 1022 2436 1156 2478; x_wconf 92' lang='lat' dir='ltr'>quem</span> <span class='ocrx_word' id='word_1_236' title='bbox 1193 2421 1248 2462; x_wconf 89' lang='lat' dir='ltr'>ab</span> <span class='ocrx_word' id='word_1_237' title='bbox 1282 2420 1547 2478; x_wconf 88' lang='lat' dir='ltr'>Apostolico</span> <span class='ocrx_word' id='word_1_238' title='bbox 1571 2419 1751 2462; x_wconf 87' lang='lat' dir='ltr'>consti--</span> 
     </span>
     <span class='ocr_line' id='line_1_34' title="bbox 252 2487 610 2530; baseline 0.006 -3"><span class='ocrx_word' id='word_1_239' title='bbox 252 2490 367 2528; x_wconf 87' lang='lat' dir='ltr'>terat</span> <span class='ocrx_word' id='word_1_240' title='bbox 391 2487 610 2530; x_wconf 89' lang='lat' dir='ltr'>excusari.</span> 
     </span>
    </p>
   </div>
   <div class='ocr_carea' id='block_1_4' title="bbox 293 2593 1734 2635">
    <p class='ocr_par' dir='ltr' id='par_1_5' title="bbox 293 2593 1734 2635">
     <span class='ocr_line' id='line_1_35' title="bbox 293 2593 1734 2635; baseline 0.002 -12"><span class='ocrx_word' id='word_1_241' title='bbox 293 2602 324 2623; x_wconf 83' lang='lat' dir='ltr'>a.</span> <span class='ocrx_word' id='word_1_242' title='bbox 348 2602 500 2633; x_wconf 88' lang='lat' dir='ltr'>manque</span> <span class='ocrx_word' id='word_1_243' title='bbox 519 2593 546 2623; x_wconf 93' lang='lat' dir='ltr'>B</span> <span class='ocrx_word' id='word_1_244' title='bbox 565 2593 614 2633; x_wconf 87' lang='lat' dir='ltr'>(et</span> <span class='ocrx_word' id='word_1_245' title='bbox 631 2593 688 2634; x_wconf 88' lang='lat' dir='ltr'>D).</span> <span class='ocrx_word' id='word_1_246' title='bbox 708 2612 747 2616; x_wconf 98' lang='lat'><strong>—</strong></span> <span class='ocrx_word' id='word_1_247' title='bbox 772 2593 806 2625; x_wconf 86' lang='lat' dir='ltr'>b.</span> <span class='ocrx_word' id='word_1_248' title='bbox 827 2594 926 2626; x_wconf 83' lang='lat' dir='ltr'>Corr.</span> <span class='ocrx_word' id='word_1_249' title='bbox 955 2595 998 2626; x_wconf 85' lang='lat' dir='ltr'>de</span> <span class='ocrx_word' id='word_1_250' title='bbox 1016 2594 1060 2626; x_wconf 91' lang='lat' dir='ltr'>D.</span> <span class='ocrx_word' id='word_1_251' title='bbox 1076 2594 1276 2635; x_wconf 79' lang='lat' dir='ltr'>punituros</span> <span class='ocrx_word' id='word_1_252' title='bbox 1295 2595 1333 2625; x_wconf 91' lang='lat' dir='ltr'>B.</span> <span class='ocrx_word' id='word_1_253' title='bbox 1358 2611 1397 2617; x_wconf 90' lang='lat'>—</span> <span class='ocrx_word' id='word_1_254' title='bbox 1425 2603 1454 2625; x_wconf 89' lang='lat' dir='ltr'>c.</span> <span class='ocrx_word' id='word_1_255' title='bbox 1475 2594 1666 2625; x_wconf 73' lang='lat' dir='ltr'>dioeceseos</span> <span class='ocrx_word' id='word_1_256' title='bbox 1690 2594 1734 2626; x_wconf 90' lang='lat' dir='ltr'>D.</span> 
     </span>
    </p>
   </div>
   <div class='ocr_carea' id='block_1_5' title="bbox 250 2714 1735 2839">
    <p class='ocr_par' dir='ltr' id='par_1_6' title="bbox 250 2714 1735 2839">
     <span class='ocr_line' id='line_1_36' title="bbox 290 2714 1735 2756; baseline 0.001 -13"><span class='ocrx_word' id='word_1_257' title='bbox 290 2717 319 2743; x_wconf 85' lang='lat'>1.</span> <span class='ocrx_word' id='word_1_258' title='bbox 347 2714 526 2755; x_wconf 82' lang='lat' dir='ltr'>L&#39;abbaye</span> <span class='ocrx_word' id='word_1_259' title='bbox 537 2715 580 2745; x_wconf 90' lang='lat' dir='ltr'>de</span> <span class='ocrx_word' id='word_1_260' title='bbox 593 2714 1059 2755; x_wconf 83' lang='lat' dir='ltr'>Saint-Nicolas-aux-Bois‚</span> <span class='ocrx_word' id='word_1_261' title='bbox 1071 2717 1354 2747; x_wconf 82' lang='lat' dir='ltr'>ordinairement</span> <span class='ocrx_word' id='word_1_262' title='bbox 1365 2715 1511 2756; x_wconf 71' lang='lat' dir='ltr'>appelee</span> <span class='ocrx_word' id='word_1_263' title='bbox 1520 2715 1552 2747; x_wconf 89' lang='lat' dir='ltr'>S.</span> <span class='ocrx_word' id='word_1_264' title='bbox 1563 2714 1735 2746; x_wconf 79' lang='lat' dir='ltr'>Nicolaus</span> 
     </span>
     <span class='ocr_line' id='line_1_37' title="bbox 250 2754 1732 2796; baseline 0.001 -11"><span class='ocrx_word' id='word_1_265' title='bbox 250 2754 287 2785; x_wconf 88' lang='grc' dir='ltr'>ἰη</span> <span class='ocrx_word' id='word_1_266' title='bbox 306 2755 429 2793; x_wconf 85' lang='lat' dir='ltr'>Bosco,</span> <span class='ocrx_word' id='word_1_267' title='bbox 449 2755 577 2786; x_wconf 70' lang='lat' dir='ltr'>l‘ondee</span> <span class='ocrx_word' id='word_1_268' title='bbox 596 2756 614 2786; x_wconf 73' lang='lat' dir='ltr'>a</span> <span class='ocrx_word' id='word_1_269' title='bbox 632 2757 663 2787; x_wconf 88' lang='lat' dir='ltr'>la</span> <span class='ocrx_word' id='word_1_270' title='bbox 679 2756 727 2786; x_wconf 89' lang='lat' dir='ltr'>fin</span> <span class='ocrx_word' id='word_1_271' title='bbox 747 2757 793 2787; x_wconf 89' lang='lat' dir='ltr'>du</span> <span class='ocrx_word' id='word_1_272' title='bbox 808 2763 856 2786; x_wconf 66' lang='grc' dir='ltr'>Μ’</span> <span class='ocrx_word' id='word_1_273' title='bbox 871 2757 979 2788; x_wconf 79' lang='lat' dir='ltr'>siecle</span> <span class='ocrx_word' id='word_1_274' title='bbox 1000 2758 1089 2788; x_wconf 85' lang='lat' dir='ltr'>dans</span> <span class='ocrx_word' id='word_1_275' title='bbox 1113 2758 1145 2789; x_wconf 88' lang='lat' dir='ltr'>la</span> <span class='ocrx_word' id='word_1_276' title='bbox 1170 2758 1263 2788; x_wconf 76' lang='lat' dir='ltr'>soret</span> <span class='ocrx_word' id='word_1_277' title='bbox 1289 2758 1333 2787; x_wconf 91' lang='lat' dir='ltr'>de</span> <span class='ocrx_word' id='word_1_278' title='bbox 1351 2757 1439 2788; x_wconf 92' lang='lat' dir='ltr'>Vois</span> <span class='ocrx_word' id='word_1_279' title='bbox 1458 2756 1563 2796; x_wconf 79' lang='lat' dir='ltr'>(Gall.</span> <span class='ocrx_word' id='word_1_280' title='bbox 1585 2755 1732 2796; x_wconf 59' lang='lat' dir='ltr'>Christ„</span> 
     </span>
     <span class='ocr_line' id='line_1_38' title="bbox 251 2796 1627 2839; baseline 0.001 -13"><span class='ocrx_word' id='word_1_281' title='bbox 251 2798 275 2826; x_wconf 82' lang='lat' dir='ltr'>t.</span> <span class='ocrx_word' id='word_1_282' title='bbox 294 2796 353 2834; x_wconf 89' lang='lat' dir='ltr'>IX,</span> <span class='ocrx_word' id='word_1_283' title='bbox 374 2796 441 2828; x_wconf 92' lang='lat' dir='ltr'>col.</span> <span class='ocrx_word' id='word_1_284' title='bbox 458 2800 517 2827; x_wconf 88' lang='lat'>610</span> <span class='ocrx_word' id='word_1_285' title='bbox 535 2797 614 2838; x_wconf 89' lang='lat' dir='ltr'>sq.).</span> <span class='ocrx_word' id='word_1_286' title='bbox 635 2798 687 2828; x_wconf 91' lang='lat' dir='ltr'>En</span> <span class='ocrx_word' id='word_1_287' title='bbox 706 2801 796 2836; x_wconf 79' lang='lat'>1107,</span> <span class='ocrx_word' id='word_1_288' title='bbox 816 2798 933 2829; x_wconf 79' lang='lat' dir='ltr'>l&#39;abbe</span> <span class='ocrx_word' id='word_1_289' title='bbox 949 2798 1138 2839; x_wconf 79' lang='lat' dir='ltr'>s&#39;appelait</span> <span class='ocrx_word' id='word_1_290' title='bbox 1155 2799 1303 2829; x_wconf 88' lang='lat' dir='ltr'>Bernier</span> <span class='ocrx_word' id='word_1_291' title='bbox 1319 2797 1439 2839; x_wconf 57' lang='lat' dir='ltr'>(Ibat,</span> <span class='ocrx_word' id='word_1_292' title='bbox 1455 2798 1523 2829; x_wconf 92' lang='lat' dir='ltr'>col.</span> <span class='ocrx_word' id='word_1_293' title='bbox 1542 2798 1627 2838; x_wconf 85' lang='lat'>612).</span> 
     </span>
    </p>
   </div>
  </div>
 </body>
</html>
