1930 3224
274 245 355 286 150
668 257 764 286 vnn,
803 257 993 286 sumaim
1028 257 1133 286 vim:
1164 258 1281 286 LmEa
1313 257 1356 285 111

276 360 592 399 exauctoratus
628 354 730 414 est),
789 355 846 398 ad
885 355 931 397 id
976 355 1280 412 peragendum
1326 355 1527 412 negotii⁸
1567 354 1756 399 accersi-

273 430 362 468 tur.
402 425 452 466 In
479 439 566 481 quo
591 423 758 481 populi
787 423 983 480 clerique
1012 428 1253 476 conventu,
1290 439 1312 465 a
1342 423 1510 476 decano
1542 423 1754 476 ecclesiae,

271 492 482 535 videlicet
526 492 741 548 magistro
780 490 984 543 Ansello,
1021 495 1065 532 et
1093 490 1320 532 canonicis
1351 490 1605 547 injunctum
1646 490 1758 533 mihi

272 565 355 614 est,
390 564 440 602 ut
476 575 608 616 super
643 558 888 601 infortunio
926 558 1019 611 illo,
1065 558 1186 616 quod
1228 558 1463 610 acciderat,
1506 573 1758 602 sermonem

270 628 481 670 haberem
511 628 567 669 ad
593 626 825 684 populum.
857 625 998 683 Cujus
1025 626 1238 669 orationis
1264 630 1393 668 tenor
1423 626 1542 668 hunc
1575 630 1756 670 secutus

273 701 342 738 est
368 711 550 737 sensum
569 708 577 738 ἰ

336 782 355 803 «
383 763 569 806 Salvum
589 778 660 804 me
699 762 783 814 fac,
819 762 1019 819 inquam,
1056 762 1191 815 Deus,
1229 762 1440 819 quoniam
1475 763 1757 805 intraverunt

272 847 398 889 aquae
434 845 576 887 usque
603 830 658 871 ad
683 829 879 871 animam
902 845 1062 871 meam.
1098 829 1267 871 Infixus
1306 845 1405 871 sum
1437 830 1482 871 in
1514 829 1621 871 limo
1652 844 1756 886 pro-

273 899 415 950 fundi,
458 903 501 940 et
546 913 636 939 non
670 903 739 940 est
763 897 1013 939 substantia
1032 898 1060 940 ¹.
1089 897 1146 939 Et
1173 898 1210 939 si
1235 897 1352 939 mala
1381 896 1757 955 qualiacumqueb

274 968 489 1009 hactenus
517 965 752 1019 habuistis,
788 965 884 1021 jam
922 965 1126 1021 pervenit
1164 980 1282 1022 nunc
1313 965 1490 1022 gladius
1527 980 1669 1022 usque
1701 965 1758 1007 ad

274 1034 470 1076 animam
499 1049 644 1075 meam
658 1042 686 1075 ⁶.
729 1033 860 1082 Iniixi
889 1033 998 1075 estis
1036 1033 1082 1074 in
1111 1033 1218 1074 limo
1255 1031 1479 1089 profundi,
1516 1033 1624 1074 dum
1651 1047 1758 1090 pec-

276 1102 387 1144 catis
407 1101 768 1158 promerentibus
799 1101 856 1143 ad
883 1106 1083 1143 extrema
1106 1100 1245 1143 totius
1277 1100 1602 1157 desperationis
1640 1100 1758 1142 mala

276 1170 444 1211 ruistis.
474 1170 595 1211 Inter
621 1170 714 1210 haec
750 1169 901 1226 itaque
931 1184 1021 1210 non
1051 1174 1119 1211 est
1145 1168 1411 1221 substantia,
1456 1168 1559 1226 quia
1585 1183 1755 1222 eorum,

275 1238 332 1279 ad
352 1252 464 1294 quos
486 1237 531 1278 in
551 1236 762 1294 periculis
789 1234 1146 1278 concurrendum
1172 1236 1300 1278 vobis
1335 1236 1494 1290 fuerat,
1535 1239 1759 1278 rectorum

276 1305 487 1347 videlicet
501 1309 754 1346 vestrorum
769 1320 818 1346 ac
835 1320 1085 1361 procerum,
1105 1305 1316 1346 honestas
1332 1304 1419 1346 ruit
1444 1308 1577 1361 atque
1601 1308 1757 1360 poten-

277 1374 354 1415 tia.
399 1373 455 1414 Et
495 1373 532 1414 si
571 1388 753 1430 corpora
804 1377 908 1414 sunt
942 1372 1214 1429 aliquotiens
1237 1374 1406 1414 mutuis
1431 1372 1758 1414 hostilitatibus

275 1456 445 1498 pressa,
470 1445 621 1482 tamen
642 1440 828 1482 vacabat
855 1440 1017 1492 anima,
1043 1441 1146 1497 quia
1167 1440 1244 1482 illa
1265 1441 1310 1481 in
1325 1455 1411 1497 qua
1436 1440 1596 1489 salutis
1611 1440 1756 1482 inten-

275 1509 338 1551 tio
360 1508 585 1561 manebat,
605 1508 778 1550 interne
794 1509 1108 1550 florentissima
1128 1508 1222 1550 sine
1234 1508 1340 1550 ullis
1361 1507 1550 1550 maculis
1564 1507 1585 1534 ‘¹
1599 1507 1757 1565 jocun-

278 1575 466 1618 dabatur
502 1576 702 1618 ecclesia.
743 1577 885 1633 Aquae
928 1591 1033 1633 ergo
1070 1581 1114 1617 et
1139 1576 1315 1633 gladius
1351 1576 1519 1618 intrant
1560 1576 1617 1618 ad
1654 1576 1752 1618 ani-

278 1659 413 1695 mam,
453 1644 560 1685 dum
598 1643 912 1685 tribulationes
954 1649 998 1685 et
1046 1644 1230 1686 dissidia
1278 1643 1501 1686 interioris
1546 1659 1754 1686 recursus

276 1716 514 1768 penetrant
530 1716 574 1753 et
599 1711 809 1768 polluunt
846 1712 1147 1754 sanctitatem.
1180 1713 1236 1754 Et
1269 1727 1403 1768 quam
1432 1712 1603 1769 putatis
1633 1711 1760 1754 locus

278 1780 362 1821 iste
383 1779 584 1821 obtineat
606 1779 701 1836 jam
716 1780 835 1837 apud
855 1795 936 1821 vos
951 1781 981 1832 ⁴2,
1004 1780 1081 1836 qui
1099 1779 1348 1836 spiritualia
1377 1779 1575 1832 nescitis,
1612 1779 1763 1836 digni-

277 1852 433 1900 tatem,
470 1847 546 1905 qui
584 1847 758 1889 nullam
801 1838 985 1904 praestat
1032 1848 1167 1889 etiam
1206 1848 1458 1889 orationum
1496 1847 1758 1905 corporibus

279 1916 624 1957 immunitatem.
653 1916 766 1957 Ecce
791 1916 913 1957 misit
946 1916 991 1957 in
1015 1932 1096 1957 nos
1130 1916 1252 1958 Deus
1291 1916 1403 1957 iram
1438 1916 1760 1973 indignationis

279 1999 385 2035 suae,
425 1983 798 2040 indignationem,
836 1988 881 2025 et
927 1984 1053 2036 iram,
1105 1988 1149 2037 et
1193 1983 1548 2035 tribulationem,
1587 1984 1759 2025 immis-

280 2051 428 2092 siones
453 2066 532 2108 per
568 2051 753 2108 angelos
795 2052 937 2093 malos
954 2053 984 2093 3.
1024 2052 1092 2093 Ira
1128 2057 1195 2093 est
1231 2052 1569 2108 indignationiS‚
1608 2052 1671 2093 ira
1705 2067 1758 2094 ex

276 2119 583 2174 indignatione
613 2124 844 2175 concepta.
886 2120 1129 2177 Indignari,
1176 2120 1291 2162 sicut
1330 2119 1470 2172 scitis,
1506 2120 1655 2161 minus
1690 2125 1756 2162 est

278 2201 414 2243 quam
437 2186 580 2229 irasci.
627 2187 784 2229 Nonne
820 2188 993 2229 meritis
1034 2193 1318 2244 peccatorum
1351 2194 1605 2230 vestrorum
1645 2188 1759 2230 indi-

278 2254 501 2311 gnabatur
523 2255 660 2305 Deus,
680 2270 781 2296 cum
808 2261 935 2297 extra
959 2255 1115 2297 urbem
1144 2261 1357 2307 vestram,
1383 2256 1574 2313 przeda&
1605 2256 1762 2298 incen-

321 2376 352 2397 ἃ.
370 2366 417 2397 La
433 2367 633 2397 correction
654 2366 838 2408 neqotium
856 2377 900 2398 ne
922 2368 1089 2408 s'impose
1110 2377 1184 2408 pas.
1210 2386 1250 2390 —
1266 2367 1300 2399 b.
1320 2367 1582 2409 qualicumque
1609 2367 1652 2399 D.
1669 2385 1710 2390 —
1732 2377 1761 2399 c.

280 2408 409 2438 Guizot
425 2407 542 2448 (Coll.‚
557 2409 583 2439 t.
599 2408 640 2447 X,
661 2418 694 2448 p.
712 2411 761 2446 25,
782 2419 815 2439 n.
835 2409 866 2450 2)
882 2419 1038 2449 propose
1053 2409 1086 2440 la
1103 2409 1305 2440 correction
1315 2410 1525 2440 vestram.—
1544 2409 1578 2440 d.
1598 2408 1701 2440 malis
1718 2408 1762 2441 D.

321 2570 349 2598 1.
378 2567 453 2599 Lib.
472 2567 617 2605 Psalm„
635 2568 794 2607 LXVIII,
815 2571 869 2598 2-3
889 2578 896 2599 ε
921 2582 934 2596 «
955 2568 1101 2599 Salvum
1119 2579 1174 2600 me
1200 2569 1254 2600 fac
1272 2569 1386 2608 Deus,
1411 2569 1578 2609 quoniam
1604 2569 1763 2600 intrave-

278 2610 362 2639 runt
379 2619 491 2679 agnae
510 2619 621 2649 usque
638 2609 683 2640 ad
703 2609 856 2640 animam
875 2619 1002 2642 meam.
1023 2610 1156 2641 Infixus
1179 2621 1255 2641 sum
1274 2611 1309 2641 in
1332 2611 1419 2641 limo
1438 2610 1616 2650 profundi,
1635 2613 1672 2641 ct
1692 2620 1761 2641 non

279 2653 333 2680 cst
350 2660 389 2680 su
421 2650 566 2681 stantia.
589 2663 602 2677 υ

320 2695 349 2722 2.
376 2691 477 2722 Latin
496 2691 687 2726 mediocre,
708 2692 796 2722 mais
814 2682 894 2722 sens
912 2692 1008 2723 clair.

321 2736 349 2763 3.
376 2732 451 2763 Lib.
470 2732 618 2770 psalm„
639 2732 812 2772 LXXVII,
836 2735 874 2763 49
891 2743 897 2764 :
919 2747 932 2760 «
952 2733 1052 2764 Misit
1067 2735 1101 2765 in
1120 2744 1182 2765 eos
1202 2734 1290 2765 iram
1308 2734 1565 2773 indignationis
1580 2744 1663 2765 suae
1683 2743 1690 2765 ς
1709 2734 1763 2765 in-

278 2774 522 2813 dignationem
542 2776 577 2805 et
594 2774 693 2813 iram,
716 2776 750 2804 ct
775 2774 1046 2807 tribulationem
1070 2786 1076 2809 :
1098 2776 1337 2811 immissiones
1355 2785 1420 2819 per
1438 2776 1583 2817 angelos
1601 2775 1723 2808 malos.
1744 2788 1758 2804 »
