1930 3224
559 275 658 303 vm.
699 274 890 303 ufflfflffl'rn
926 274 1030 302 vin-3
1062 273 1181 301 mmm
1216 272 1258 299 [ιι
1567 257 1647 298 193

149 371 289 418 dacio
305 389 356 416 ac
378 372 641 432 praestigiis⁸
659 377 726 415 tot
746 372 961 430 pecunias
976 387 999 414 a
1022 371 1158 413 fatuis
1180 370 1364 412 eliciunt
1382 382 1390 412 :
1410 385 1491 425 ego
1516 370 1648 426 plane

141 440 492 502 ‚quoquomodob
515 441 676 494 enitar,
721 445 771 483 ut
795 441 840 483 id
866 456 922 483 ex
947 439 1057 498 ipsis
1090 439 1202 482 meis
1229 437 1490 481 contraham
1514 437 1647 479 obso—

147 511 251 555 niis.
271 529 292 551 »
310 510 454 564 Dixit,
474 515 519 552 et
532 509 767 552 ecclesiam
789 509 1052 567 ingreditur,
1073 508 1130 551 ad
1144 507 1477 560 consistorium,
1494 506 1540 548 in
1555 521 1644 564 quo

147 580 306 623 locatae
327 583 455 622 erant
475 578 693 636 reliquiae,
719 578 906 631 accedit,
931 583 976 620 et
997 578 1216 621 simulans
1244 575 1365 634 quod
1386 591 1461 618 eas
1494 575 1648 617 osculo

148 647 354 692 venerari
374 647 527 701 vellet,
567 662 642 689 ore
678 646 885 704 apposito
912 646 1136 698 denarios,
1172 646 1249 703 qui
1280 645 1420 687 oblati
1452 644 1645 695 fuerant,

148 716 280 760 labiis
318 715 597 758 inhiantibus
643 715 806 758 haurit.
848 715 954 758 Inde
996 730 1228 772 regressus
1264 714 1319 756 ad
1353 726 1645 771 comparem:

151 803 174 826 «v
200 784 332 838 Veni,
355 784 434 836 ait,
458 789 502 826 et
525 788 854 842 compotemus,
879 783 983 841 quia
1013 783 1241 826 sufficiens
1269 782 1514 841 potationis
1544 798 1650 823 nos-

147 859 228 897 trae
259 853 456 912 pretium
470 853 567 911 jam
594 852 828 895 habemus.
853 879 910 883 --—
933 851 1073 905 Quoc,
1104 852 1265 910 inquit,
1294 850 1511 910 quandod
1538 850 1651 892 illud

149 938 240 966 non
281 921 484 977 haberes,
528 921 779 980 accepisti?
798 947 857 953 —-
884 921 951 963 Ex
972 921 1058 974 his,
1083 921 1161 973 ait,
1189 937 1289 979 quae
1313 920 1406 962 illis
1434 920 1651 977 imposto-

148 990 272 1034 ribus
280 990 396 1034 intra
411 990 650 1034 ecclesiam
659 990 839 1043 dantur,
856 989 995 1032 bucca
1008 1005 1105 1032 mea
1118 989 1384 1047 abripiente,
1400 1004 1651 1046 praesump—

147 1060 279 1104 si..—-
305 1059 440 1108 Male,
456 1059 618 1118 inquit,
638 1059 800 1108 fecisti,
828 1059 952 1116 quiae
970 1059 1139 1101 sanctis
1155 1058 1232 1100 illa
1254 1058 1415 1101 tulisti.
1446 1085 1497 1090 —
1518 1058 1648 1110 Tace,

149 1128 312 1187 inquit,
338 1133 383 1171 et
405 1128 510 1170 huic
537 1128 754 1186 proximae
778 1127 975 1171 tabernae
1002 1132 1046 1170 te
1079 1127 1247 1170 confer.
1289 1146 1308 1166 »
1347 1127 1466 1188 Quid
1493 1127 1652 1169 verbo-

149 1196 258 1240 sior!
271 1198 290 1240 ‘2
325 1192 479 1240 Soleni
513 1197 558 1238 in
588 1212 807 1240 oceanum
836 1204 974 1254 peneff
1007 1196 1175 1238 duxere
1199 1196 1422 1239 bibentes.
1466 1198 1525 1238 At
1553 1211 1652 1238 ves-

149 1265 577 1324 peranincumbente,
607 1265 685 1308 ille
715 1265 792 1323 qui
817 1281 1030 1307 nummos
1061 1265 1200 1307 sacris
1236 1264 1515 1307 subduxerat
1545 1264 1648 1317 aris,

149 1349 339 1378 ascensa
361 1350 491 1393 equa,
516 1334 702 1377 domum
723 1350 770 1377 se
789 1334 965 1391 regredi
982 1333 1218 1392 profitetur
1236 1348 1245 1387 ;
1279 1350 1470 1392 cumque
1492 1349 1653 1376 nemus

150 1402 415 1461 contiguum
436 1403 679 1461 attigisset,
704 1403 820 1446 facto
842 1403 1019 1460 laqueo,
1043 1402 1223 1445 cuidam
1244 1402 1391 1445 arbori
1420 1419 1466 1445 se
1487 1418 1654 1460 appen-

151 1472 232 1526 dit,
258 1471 338 1515 ubi
354 1471 472 1515 foede
492 1472 690 1514 moriens
705 1472 794 1515 oris
816 1472 1024 1528 sacrilegi
1038 1487 1196 1530 poenas
1219 1471 1374 1529 pendit
1396 1472 1422 1515 ¹.
1448 1471 1515 1513 Ex
1533 1472 1654 1513 mul-

150 1540 212 1584 tis
256 1556 356 1599 quae
388 1540 507 1598 apud
546 1540 726 1598 Anglos
764 1541 903 1598 Virgo
938 1541 1179 1598 imperiosa
1207 1541 1396 1598 peregit,
1440 1541 1534 1583 herc
1571 1555 1654 1582 nos

151 1609 382 1668 excepisse
410 1608 617 1652 sufficiat.

210 1678 419 1721 Lauduni
438 1694 619 1737 quoque
644 1683 886 1736 postquam
916 1695 941 1721 a
974 1678 1253 1735 corrogando
1287 1678 1528 1735 redierant,
1562 1678 1655 1720 dic-

152 1751 251 1790 tum
276 1747 388 1789 mihi
414 1763 439 1790 a
459 1747 658 1805 quodam
681 1747 810 1789 bonae
840 1746 1006 1789 indolis
1036 1747 1198 1789 clerico
1226 1752 1310 1801 est,
1354 1747 1424 1789 cui
1454 1747 1656 1790 materiei

152 1815 430 1858 advehendae
474 1815 671 1858 officium
713 1815 859 1858 suerat
897 1816 1156 1873 delegatum
1204 1816 1260 1858 ad
1295 1821 1414 1859 tecta
1456 1816 1656 1858 ecclesiae

153 1884 417 1943 reparanda,
441 1884 545 1942 quia
567 1884 613 1926 in
642 1884 875 1927 subeundo
902 1890 1054 1927 monte
1093 1884 1210 1927 inter
1241 1884 1380 1927 boves
1418 1901 1535 1927 unus
1568 1886 1655 1927 las-

154 1952 372 1996 sescendo
407 1952 647 2006 defecerat,
686 1968 878 2011 cumque
919 1953 1166 2011 plurimum
1208 1954 1397 1996 clericus
1446 1959 1658 1996 {estuaret

154 2021 318 2064 bovem
339 2037 428 2064 non
467 2022 711 2079 reperiens,
745 2037 878 2080 quem
905 2039 986 2081 pro
1025 2038 1077 2065 eo
1110 2022 1222 2080 jugo
1257 2022 1433 2079 fatigati
1454 2023 1653 2076 inferret,

154 2105 254 2134 ecce
279 2095 464 2149 repente
488 2090 571 2133 bos
595 2090 673 2132 illo
695 2091 861 2133 cursim
885 2106 932 2134 se
954 2091 1136 2141 obtulit,
1168 2096 1211 2133 et
1248 2092 1378 2149 quasi
1413 2107 1468 2134 ex
1499 2092 1656 2134 indus-

152 2159 238 2202 tria
265 2159 390 2217 operi
409 2159 630 2202 auxilium
663 2159 839 2202 laturus
868 2160 1067 2204 advenit.
1107 2161 1190 2213 Qui
1221 2166 1347 2204 motu
1381 2161 1517 2203 alacri
1555 2177 1658 2203 cum

155 2228 356 2271 carrumh
382 2228 439 2271 ad
459 2228 698 2271 ecclesiam
721 2245 864 2288 usque
888 2245 991 2272 cum
1010 2229 1110 2271 aliis
1136 2230 1435 2288 perduxisset,
1468 2230 1658 2272 clericus

153 2297 286 2340 valde
314 2296 550 2340 sollicitusi
574 2302 685 2350 erat,
713 2297 894 2340 cuinam
916 2297 1079 2340 bovem
1106 2299 1235 2340 illum
1256 2299 1464 2356 ignotum
1496 2299 1656 2341 redde-

157 2370 238 2409 ret.
268 2365 355 2418 Qui
374 2382 479 2408 mox
499 2370 549 2408 ut
573 2366 749 2409 solutus
776 2371 860 2419 est,
891 2382 981 2408 non
1014 2367 1193 2420 ducem,
1229 2383 1310 2410 nec
1344 2367 1420 2425 qui
1447 2383 1495 2410 se
1517 2368 1658 2410 mina-

155 2439 225 2477 ret
240 2435 512 2493 expectavit,
538 2435 618 2486 sed
638 2434 785 2478 ociuslc
807 2435 926 2478 unde
946 2442 1148 2488 venerat,
1175 2437 1408 2494 repedavit
1428 2438 1458 2479 ἒ).

198 2557 231 2579 a.
248 2547 437 2620 prasii-&iis
451 2547 496 2580 D.
513 2566 553 2570 —
568 2547 602 2580 b.
621 2548 803 2595 quomodo
818 2548 904 2579 D.—
923 2559 952 2597 c.
972 2559 1045 2591 quo
1061 2550 1165 2581 modo
1183 2549 1270 2580 D.——
1286 2550 1320 2582 d.
1340 2549 1391 2580 En
1414 2550 1605 2590 interligne
1618 2551 1656 2581 Β.

158 2589 422 2663 Ἥ.Ἵῖἶίωῇ
432 2590 840 2664 εᾶω-Βῐζοῖὶὲἄᾶἒιῗ·
850 2591 943 2665 :151
951 2591 1137 2674 0¹'0‘Lr15's‘ssrssf'
1152 2592 1178 2622 Β
1198 2592 1247 2632 (⁹⁶
1264 2592 1306 2633 D)
1313 2617 1319 2623 ’
1331 2610 1370 2614 “
1384 2603 1407 2634 ·‘'
1414 2616 1419 2622 '
1443 2602 1596 2633 ΜΨ
1613 2593 1656 2623 ¹³·

205 2747 231 2777 1.
257 2744 311 2776 Cf.
339 2745 510 2784 Hermen,
529 2746 722 2788 01).‹·1'l.,l.
744 2747 787 2785 11,
804 2757 834 2778 c.
855 2758 911 2779 xx.

201 2790 232 2818 2.
254 2786 350 2818 C‘est
366 2797 409 2818 en
433 2787 519 2819 effet
541 2799 628 2819 avec
643 2789 706 2819 des
725 2788 842 2820 boeuss
863 2800 932 2831 que
952 2790 1001 2821 les
1019 2793 1297 2831 cntroprcncurs
1315 2790 1358 2821 (lc
1378 2791 1408 2822 la
1428 2794 1659 2822 reconstrue-

161 2828 237 2860 tion
248 2829 293 2860 de
310 2829 343 2860 la
354 2829 561 2861 cathedrale
576 2830 856 2862 ament—rentsur
874 2831 905 2863 le
917 2832 1058 2872 plateam
1078 2833 1129 2863 les
1142 2832 1341 2863 mati-rieux
1359 2832 1592 2864 nc'ccssaires.
1604 2834 1658 2864 On

273 2906 345 2933 Ven.
367 2906 514 2934 Guiberti
538 2907 611 2934 vila.
1489 2913 1519 2936 125
