1930 3224
562 258 660 291 vnn.
695 257 889 288 GmBERTi
923 260 1032 290 vim
1062 260 1185 290 Lmen
1593 242 1648 288 43

141 360 251 407 tntis
263 364 309 404 et
325 364 453 403 actus
468 358 884 417 contemperatione
899 360 1114 417 regenero
1128 359 1139 388 ¹
1155 395 1164 414 ‚
1184 359 1241 402 ad
1256 358 1453 420 infamiae
1468 374 1650 417 supere-

135 428 290 490 ffuitat
314 429 503 484 malum,
533 428 572 472 si
593 441 751 473 eorum
773 428 884 476 mihi
907 428 1064 471 laudes
1081 428 1276 472 ascribo.

55 540 64 545 γ,
159 498 168 526 '·
199 497 318 542 Huic
340 497 495 556 igitur,
517 497 625 540 dum
646 496 732 540 sub
753 497 916 539 marito
938 497 1085 540 adhuc
1094 497 1340 555 juvencula
1362 501 1532 554 ageret,
1558 498 1648 540 tale

69 558 99 586 ³³⁷
139 566 251 626 quid
287 566 495 625 contigit,
534 565 656 625 quod
679 610 682 611 ⁷
709 580 800 607 non
850 565 1102 609 minimum'
1138 565 1428 610 correctionis
1465 565 1505 608 ei
1541 565 1650 608 vitae'

46 659 95 700 3
137 635 419 680 incentivum
452 634 680 692 praestitit.
712 634 889 688 Franci,
928 635 1110 678 Henrici
1137 635 1258 692 regis
1287 639 1506 693 tempore,
1544 649 1646 678 cum

48 728 82 750 ;
139 703 452 753 Rormanis'et
475 718 632 746 eorum
645 703 810 746 comite
835 703 1097 758 Guillelmo,
1125 704 1203 762 qui
1243 703 1421 761 Anglos
1444 708 1649 761 postmo-

139 772 247 822 dnm
266 756 550 830 s‘ubegit‘set
569 771 745 826 Scotos,
776 772 920 815 multa
944 772 1336 815 animadversione
1362 772 1597 816 certabant
1610 773 1643 827 3,

20 878 30 891 ‚
136 841 292 902 inquo
314 841 464 899 gentis
486 840 722 899 utriusque
743 856 966 884 concursu
992 846 1168 900 patrem
1190 857 1342 904 meum
1369 841 1468 899 capi
1503 841 1648 884 conti-

14 911 15 914 '
40 908 77 966 ἶ
134 908 218 969 git.
243 909 385 969 Cujus
403 909 584 952 comitis
599 910 880 952 consuetudo
893 909 1054 964 fuerat,
1079 914 1130 952 ut
1148 918 1413 968 nunquama
1441 910 1647 968 captivos

51 970 73 991 ¹·
135 994 244 1023 suos
262 979 320 1023 ad
346 978 704 1036 redemptionem
730 983 929 1036 cogeret,
953 979 1032 1022 sed
1064 983 1297 1037 perpetua,
1325 978 1434 1022 dum
1465 978 1648 1022 advive-

64 1051 66 1054 ’
92 1070 98 1074 ·
132 1052 249 1101 mut,
270 1047 462 1092 carceris
488 1046 768 1106 relegatione
795 1048 1047 1092 damnaret.
1079 1047 1212 1100 Quod
1244 1047 1322 1090 ubi
1350 1048 1542 1091 relatum
1578 1053 1649 1092 est

51 1097 72 1138 ‘3⁴
132 1115 317 1175 cpnjugi
340 1115 555 1176 (necdum
575 1116 696 1159 enim
711 1120 847 1159 natus
867 1132 1006 1171 eram,
1039 1131 1122 1160 nec
1142 1115 1279 1174 longo
1316 1120 1420 1175 POSt
1442 1121 1646 1174 tempore

132 1184 219 1239 fni,‘
239 1189 286 1229 et
317 1185 420 1229 ideo
450 1185 608 1229 matris
637 1185 910 1244 supersedeo
932 1185 1142 1244 nomini),
1167 1185 1415 1228 miserabili
1455 1201 1646 1228 moerore

132 1252 590 1306 mminata'defecit‚
617 1269 639 1296 a
668 1254 768 1297 cibo
792 1259 992 1313 potuque
1008 1254 1198 1307 destitit,
1234 1269 1446 1297 somnum
1481 1255 1644 1312 despe-

132 1322 374 1367 ratissima
409 1323 650 1383 solicitudo
723 1323 828 1381 plus
875 1323 1037 1367 vetuit.
1097 1323 1192 1366 Nec
1249 1324 1304 1366 de
1353 1323 1644 1366 multitudine

131 1391 456 1450 redemptionis
482 1392 530 1435 in
543 1391 642 1450 ejus
668 1392 819 1435 animo
847 1391 1016 1435 causab
1042 1397 1153 1447 erat,
1192 1392 1271 1435 sed
1291 1392 1346 1435 de
1370 1392 1645 1435 irremeabili

131 1460 396 1520 captivitate
421 1461 624 1504 merebat
639 1468 670 1504 ⁰.
1647 1510 1650 1511 ⁷

190 1529 395 1588 Cumque
415 1529 619 1588 ejusdem
635 1530 780 1572 noctis
804 1530 932 1573 fieret
958 1530 1307 1588 intempestum,
1331 1535 1377 1573 et
1402 1530 1482 1572 illa
1502 1529 1655 1580 atroci*

127 1597 356 1644 anxietate
379 1598 642 1657 plenissima
670 1599 904 1657 proprium
927 1599 1076 1642 cubile
1104 1599 1293 1652 foveret,
1317 1599 1436 1642 sicut
1451 1599 1644 1642 Diabolo

126 1667 577 1713 eonsuetudinarium
603 1672 688 1722 est,
712 1671 764 1710 ut
783 1668 1075 1725 potissimum
1098 1667 1262 1710 animis
1290 1668 1476 1711 tristitia
1497 1684 1644 1717 mace-

38 1757 62 1787 χ
127 1735 524 1794 ratisimmergat,
550 1736 701 1780 subito
723 1736 933 1793 vigilanti
956 1736 1023 1779 illi
1046 1737 1142 1795 ipse
1167 1737 1383 1779 Inimicus
1416 1737 1639 1791 incubuit,

127 1810 174 1849 et
183 1803 454 1863 gravissimo
473 1820 588 1863 pene
599 1819 745 1863 usque
766 1805 823 1847 ad
844 1805 1170 1848 extinctionem
1195 1805 1392 1863 pondere
1409 1805 1639 1864 jacentem

38 1875 62 1924 ζ’
127 1874 368 1932 oppressit.
395 1874 517 1917 Cum·
538 1873 624 1916 sub
650 1874 732 1917 hac
759 1874 856 1933 ejus
873 1875 1063 1933 spiritus
1088 1874 1382 1917 suffocaretur
1411 1875 1637 1932 angustia,

23 1954 38 1965 ··
69 1963 75 1985 ³
128 1946 178 1994 et'
207 1942 414 1988 ominium
455 1941 763 1986 membrorum
802 1959 857 1985 ex
886 1948 982 1986 toto
1026 1943 1237 1986 libertate
1282 1948 1472 1996 careret,
1514 1943 1639 1986 vocis

129 2015 282 2055 autem
307 2019 309 2021 '
337 2011 590 2070 cujuspiam
640 2012 838 2055 sonitum
890 2012 1153 2054 nullatenus
1199 2012 1407 2055 emittere
1464 2017 1635 2070 posset,

128 2079 366 2140 solumque
388 2080 486 2135 Dei,
517 2081 870 2139 mutapenitus,
908 2081 990 2124 sed
1013 2082 1187 2124 ratione
1213 2081 1370 2136 libera,
1402 2081 1639 2140 praestola-

126 2152 252 2192 r'et'ur
273 2149 507 2204 auxilium,
531 2165 634 2193 ecce
660 2165 685 2191 a
706 2149 861 2193 lectuli
888 2146 986 2207 ejus
1022 2150 1168 2208 capite
1201 2150 1387 2209 quidam
1432 2150 1635 2209 spirituS,

167 2280 200 2316 a,
215 2254 420 2315 *numquam
434 2271 479 2304 D.
497 2290 539 2296 —-
555 2271 591 2304 b.
613 2272 827 2315 Exponctue
844 2272 885 2304 B.
907 2291 949 2295 —
965 2282 996 2306 c.
1016 2271 1188 2304 moerebat
1209 2272 1256 2305 D.

157 2441 197 2472 .1.
220 2439 357 2472 Phrase
388 2440 768 2481 grammaticalement
799 2440 1028 2481 impossible,
1068 2451 1114 2472 ou
1147 2441 1365 2472 anacoluthe
1386 2451 1392 2473 ι
1423 2441 1448 2472 il
1480 2441 1640 2473 faudrait

123 2481 373 2524 superequito,
393 2482 504 2514 verbe
523 2482 624 2522 forge
643 2493 706 2513 sur
723 2483 890 2524 equitare
908 2495 949 2510 z
969 2482 1211 2521 chevaucher,
1233 2485 1270 2514 et
1288 2493 1335 2514 un
1354 2482 1599 2524 complemcnt
1620 2484 1639 2515 a

79 2539 86 2543 ·
122 2532 311 2566 regenero,
328 2524 501 2556 transitis.
522 2524 678 2556 Guibert
699 2528 786 2556 veut
803 2524 905 2556 dire:
931 2537 945 2552 «
974 2524 1046 2555 Moi
1068 2525 1129 2566 qui
1156 2524 1262 2565 [deja]
1289 2535 1333 2556 ue
1357 2525 1437 2566 [me]
1465 2524 1637 2564 reg-tenere

124 2565 293 2638 pginten
311 2565 512 2614 modifiant·
526 2576 608 2597 mes
623 2566 776 2617 pensees
792 2568 838 2613 et·
850 2576 926 2614 mes
944 2566 1086 2619 actions
1104 2566 1123 2597 a
1141 2566 1351 2614 l'imitation
1367 2567 1411 2597 de
1425 2567 1502 2598 leur
1519 2576 1638 2619 carac-

124 2607 350 2696 ῒῃὲἓιὲῖιζῃῗ
378 2607 986 2691 Agegggztgtdszslll'ipfzfffiz·side
1009 2618 1047 2659 m
1061 2609 1223 2640 attribue
1256 2609 1309 2640 les
1331 2610 1506 2649 louanges
1531 2619 1578 2649 qu
1594 2610 1638 2640 ils

154 2692 196 2722 -2,
222 2689 430 2723 Guillaume
448 2692 482 2723 le
505 2691 651 2728 Baiard,
670 2691 740 2723 duc
757 2692 802 2723 de
821 2691 1044 2723 Normandie
1069 2691 1190 2734 (1035),
1210 2692 1369 2734 premier
1386 2693 1440 2723 roi
1459 2693 1637 2724 normand

124 2730 219 2774 d’An
246 2733 393 2771 leterre,
418 2736 609 2765 1066-1087.

166 2776 197 2805 3.
241 2775 294 2815 ly
313 2784 333 2806 a
357 2784 402 2806 eu
425 2774 519 2806 deux
546 2785 764 2816 campagnes
795 2776 898 2806 enti-c
927 2775 1042 2806 chri
1067 2775 1109 2806 1⁴³
1136 2779 1171 2808 et
1200 2776 1408 2807 Guinaume
1431 2776 1463 2807 le
1488 2776 1634 2815 BAtard,

123 2813 218 2888 {ulnIe
229 2817 436 2899 eqndgggjm,
450 2815 576 2889 Γῗὲιὲυε
592 2827 634 2848 cn
654 2820 744 2848 1058.
762 2817 815 2848 Cf.
833 2817 1020 2857 Luchaire,
1034 2818 1123 2849 dans
1139 2818 1300 2856 Lavisse,
1322 2817 1412 2850 Hist.
1427 2817 1470 2850 de
1480 2817 1632 2857 Franco,

145 2880 152 2889 ·
207 2882 215 2897 a
237 2879 254 2888 -·
388 2881 396 2896 ν
417 2868 453 2899 Ρ·
539 2882 545 2889 ·
