1930 3224
317 225 373 268 94
724 239 822 269 VEN.
858 239 1051 269 Gmsssnn
1083 219 1190 270 vlu:
1222 242 1342 270 Lmen
1375 242 1388 269 1

311 338 518 396 princeps
551 338 708 380 mundi
739 338 861 380 venit
890 338 946 380 ad
977 338 1140 380 Filium
1171 340 1269 393 Dei,
1303 339 1346 381 in
1374 355 1462 397 quo
1489 355 1579 382 non
1605 339 1797 384 habebat

311 406 603 464 quidquam³;
628 410 672 448 et
693 406 729 447 si
754 406 809 447 ad
832 406 976 458 illum,
1001 407 1056 448 ad
1079 422 1160 448 nos
1187 423 1323 465 quam
1340 407 1538 464 potiusb‚
1565 408 1612 451 in
1632 407 1797 468 quibus

314 489 426 532 pene
450 478 595 516 totum
623 473 770 525 habet,
797 473 1064 516 diabolicam
1079 479 1251 517 certum
1277 480 1346 517 est
1372 475 1538 532 rapidis
1562 475 1795 520 affectibus

314 542 552 584 convenire
569 541 856 584 dementiam.

374 610 610 653 Mulierem
633 609 743 651 inibi
766 609 874 662 vidi,
899 625 1012 667 quae,
1044 625 1146 652 cum
1179 626 1259 652 suo
1287 611 1474 668 parvulo
1500 611 1592 653 filio
1620 611 1803 654 atrocis-

315 678 427 720 sime
457 678 734 730 irasceretur,
770 677 884 719 inter
918 678 1002 719 alia
1040 678 1290 729 maledicta,
1324 678 1487 735 quibus
1515 679 1801 722 innocentem

309 745 593 804 jaculabatur
610 745 897 798 infantulum,
915 745 1137 803 baptisma
1153 747 1302 798 etiam,
1321 747 1392 788 cui
1407 746 1624 789 intinctus
1638 746 1798 801 fuerat,

314 830 389 856 ore
426 814 596 856 nefario
621 813 866 855 maledixit.
898 813 1007 865 Quae
1049 814 1282 856 confestim
1318 819 1493 871 arrepta
1524 830 1549 856 a
1581 814 1801 857 daemonio

314 882 520 924 bacchari
548 881 848 934 insanissime,
876 885 921 923 et
955 881 1237 924 detestabilia
1260 881 1383 939 loqui
1415 886 1458 924 et
1490 897 1621 939 agere
1647 881 1798 940 coepit.

314 950 423 1001 Quae
449 950 662 1007 perducta
683 950 740 992 ad
766 949 1016 1003 ecclesiam,
1049 955 1093 991 et
1120 949 1330 992 fratribus
1351 949 1566 1003 exhibita,
1599 965 1678 1008 per
1707 964 1803 992 ora-

311 1019 457 1061 tiones
481 1023 525 1060 et
553 1018 856 1060 exorcismum
877 1018 1029 1059 sensui
1055 1018 1244 1071 reddita,
1272 1033 1328 1059 ex
1356 1018 1593 1060 vexatione
1620 1017 1802 1060 edidicit

314 1087 547 1128 Dominica
574 1101 665 1128 non
685 1085 948 1127 maledicere
977 1091 1270 1128 sacramenta.

372 1154 626 1197 Puellulam
651 1154 806 1196 itidem
828 1153 920 1196 vidi
934 1169 1284 1210 energumenam
1300 1153 1357 1195 ad
1394 1153 1656 1195 memoriam
1691 1151 1802 1194 inibi

313 1223 541 1265 Geremari
562 1221 861 1264 confessoris¹
884 1221 1137 1264 adductam.
1167 1221 1275 1273 Quae
1302 1237 1404 1263 cum
1436 1220 1595 1263 diebus
1631 1220 1802 1278 aliquot

313 1295 586 1333 commorata
607 1290 765 1332 fuisset
791 1290 974 1343 ibidem,
999 1290 1191 1347 quadam
1218 1289 1288 1331 die
1319 1293 1458 1331 tracta
1491 1293 1561 1331 est
1582 1304 1608 1330 a
1642 1303 1800 1347 paren-

315 1359 433 1401 tibus
466 1359 522 1401 ad
552 1359 705 1400 altare.
747 1357 828 1399 Cui
872 1373 975 1399 cum
1016 1358 1261 1409 assisteret,
1309 1361 1476 1399 retorto
1518 1357 1575 1398 ad
1615 1357 1799 1398 chorum

312 1427 472 1484 capite,
521 1427 644 1468 videt
683 1441 845 1483 pueros
893 1426 1137 1467 monachos
1173 1430 1275 1482 post
1315 1441 1361 1466 se
1396 1429 1587 1477 stantes,
1624 1429 1669 1466 et
1699 1424 1797 1468 ait:

315 1494 504 1546 «Quam
539 1494 767 1552 pulchros,
811 1494 932 1535 Deus
966 1509 1108 1548 meus,
1146 1493 1441 1550 juvenculos!
1477 1492 1564 1535 Sed
1585 1496 1662 1534 ·est
1686 1492 1802 1534 inter

310 1563 412 1604 illos
450 1578 567 1604 unus
606 1562 682 1619 qui
713 1577 996 1619 nequaquam
1037 1563 1100 1603 eis
1138 1560 1392 1603 cohabitare
1419 1560 1616 1603 deberet.
1649 1578 1668 1598 n
1703 1559 1800 1611 Quo

311 1630 463 1673 audito
486 1631 616 1672 valde
643 1630 790 1672 mirati
812 1645 983 1683 sumus,
1011 1645 1227 1687 quorsum
1253 1629 1357 1671 talis
1379 1627 1600 1670 sententia
1624 1642 1801 1685 respec-

311 1703 443 1742 taret.
485 1699 577 1741 Nec
608 1713 729 1739 mora
765 1697 950 1755 quidam
986 1713 1040 1739 ex
1079 1698 1188 1754 ipsis
1218 1697 1323 1754 fuga
1353 1696 1560 1749 elabitur,
1605 1700 1649 1738 et
1685 1695 1803 1738 inter

310 1766 573 1822 fugiendum
591 1782 726 1823 prava
743 1765 837 1822 ejus
862 1766 954 1808 vita
980 1766 1210 1807 moriendo
1231 1766 1406 1807 deserta
1431 1763 1647 1820 religione
1675 1763 1800 1805 dete—

313 1834 449 1891 gitur.

851 2007 1069 2066 [CAPUT
1104 2007 1267 2064 xxm]

370 2166 593 2218 Quoniam
622 2166 675 2208 de
708 2165 987 2207 daemonibus
1019 2180 1150 2221 agere
1183 2165 1416 2222 coepimus,
1450 2164 1656 2222 quaedam
1688 2164 1796 2207 sub-

311 2240 485 2278 nectere
533 2235 745 2277 idoneum
775 2233 1044 2290 judicamus,
1091 2248 1282 2291 quorum
1319 2232 1525 2290 exemplo
1564 2237 1609 2275 et
1644 2248 1799 2275 eorum

311 2303 504 2355 oracula,
524 2317 765 2359 eorumque
781 2301 858 2359 qui
882 2301 945 2343 eis
962 2300 1308 2343 confabulantur
1328 2300 1510 2342 consilia
1535 2300 1677 2343 vitare
1696 2316 1799 2358 pos-

353 2443 386 2465 a.
405 2432 604 2475 quicquam
619 2432 663 2463 D.
678 2449 719 2453 ——
738 2431 773 2463 b.
793 2432 824 2462 D
840 2441 994 2471 propose
1013 2431 1046 2462 la
1068 2441 1157 2462 corr.
1174 2430 1298 2471 potius
1316 2440 1426 2472 quam
1440 2430 1485 2462 ad
1502 2439 1576 2462 nos.

350 2604 378 2632 1.
404 2601 456 2631 On
471 2602 557 2640 peut
571 2609 609 2630 se
620 2599 814 2629 demander
825 2598 851 2628 si
871 2598 887 2628 a
905 2599 937 2628 la
952 2598 1045 2628 suite
1060 2598 1103 2628 de
1115 2597 1301 2628 l'invasion
1321 2597 1515 2628 nor-mande
1533 2599 1569 2628 et
1580 2597 1624 2628 de
1635 2597 1668 2628 la
1681 2599 1798 2628 trans-

307 2642 419 2674 lation
439 2642 481 2672 dc
500 2641 593 2671 saint
611 2640 760 2671 Ger-mer
774 2640 793 2670 a
811 2640 998 2677 Beauvais,
1015 2639 1039 2669 il
1052 2639 1241 2670 subsistait
1254 2649 1383 2669 encore
1395 2639 1458 2669 des
1473 2638 1627 2679 reliques
1645 2638 1796 2669 authen-

309 2684 426 2724 tiques
450 2683 495 2713 du
522 2683 614 2713 saint
634 2682 653 2712 a
677 2680 810 2720 l'eglise
835 2681 878 2711 dc
905 2681 989 2720 Fly3
1009 2690 1047 2711 ce
1067 2680 1155 2711 n'est
1173 2681 1274 2721 qu'en
1295 2683 1373 2710 1132
1396 2690 1465 2720 que
1482 2680 1514 2710 le
1539 2689 1645 2720 corps
1667 2679 1792 2717 entier,

308 2727 423 2756 lotum
440 2733 582 2764 corpus,
602 2723 655 2754 dit
671 2723 772 2753 l'acte
787 2722 830 2752 de
852 2722 1063 2752 translation
1079 2722 1123 2752 de
1141 2721 1299 2762 l'eveque
1316 2722 1359 2752 de
1378 2721 1564 2759 Beauvais,
1583 2721 1638 2752 fut
1651 2719 1795 2761 reporte

307 2768 349 2798 dc
374 2765 549 2796 Beauvais
567 2766 585 2795 a
605 2765 669 2805 Fly
694 2764 780 2804 (AA.
797 2764 867 2801 SS.,
894 2764 958 2795 loc.
978 2763 1051 2801 cit„
1070 2773 1105 2803 p.
1130 2766 1215 2803 697).
