1930 3224
0 2607 5 2651 ,ἓ

0 2670 6 2714 ἓ

0 2721 12 2767 ἰ

0 2796 3 2807 ,

0 2811 7 2885 ἶ

0 2893 9 2904 ,

0 2954 7 2998 -w-
0 2921 5 2943 -

568 260 668 289 va.
704 259 900 289 sumam
932 260 1040 289 vlu:
1070 259 1191 288 Lmen
1224 259 1253 287 11
1563 244 1647 289 123

146 361 327 407 noviter
357 361 403 404 id
438 361 674 412 calcasset,
722 359 952 418 pedalium
1003 358 1249 415 digitorum
1283 373 1363 416 per
1405 358 1646 402 interstitia

147 430 458 476 densescente.
496 429 629 472 Alter
655 444 762 471 vero
796 443 820 470 a
856 433 984 485 tergo
1017 427 1178 486 prioris
1211 426 1274 469 ita
1311 427 1568 481 delituerat,
1598 432 1648 470 ut

150 499 308 542 vultus
333 498 433 557 ejus
465 498 661 556 qualitas
685 497 878 539 discerni
910 512 1000 538 non
1032 501 1203 554 posset,
1233 495 1355 538 birro
1392 495 1523 538 talari
1547 496 1575 549 1,
1604 501 1647 539 et

147 567 276 626 nigro
299 567 447 626 capite
483 567 712 624 adoperto.
746 566 840 608 Has
876 565 1028 623 itaque
1067 564 1247 622 ignotas
1287 580 1438 607 coram
1467 580 1514 607 se
1547 580 1648 623 per-

147 651 281 680 sonas
322 635 578 688 attendens,
629 650 732 677 cum
774 633 934 692 grandi
971 633 1364 676 animadversione
1412 633 1643 677 adoritur:

151 704 306 749 «Cum
319 703 419 747 sitis
433 704 558 746 laicae
575 719 625 746 ac
638 711 657 730 ἃ
671 703 836 760 ignotae
851 717 1070 760 personae,
1089 702 1207 744 unde
1222 701 1354 745 vobis
1367 707 1494 744 tanta
1508 695 1648 745 teme-

149 773 276 827 ritas,
298 777 349 815 ut
375 772 458 815 hac
482 772 591 815 hora
613 773 732 814 hunc
756 772 802 814 in
817 771 967 814 locum
988 770 1219 823 veneritis,
1247 771 1291 812 in
1314 787 1450 829 quem
1477 771 1573 813 sine
1602 787 1647 813 re
1701 823 1703 825 ι

147 841 361 900 aliquivis
400 841 711 884 claustralium
736 840 1061 882 monachorum
1094 839 1247 881 venire
1284 855 1372 881 non
1402 840 1599 882 audeat?
1624 859 1643 879 »

145 911 211 954 At
237 910 342 954 ille:
375 929 395 950 ι(
428 909 691 961 Audieram,
731 909 927 962 domine,
978 909 1062 950 hoc
1108 908 1154 950 in
1204 909 1477 951 monasterio
1524 909 1646 951 viros

143 995 243 1023 esse
265 978 517 1036 religiosos,
545 982 589 1021 et
615 978 899 1020 addiscendae
928 982 1059 1020 causa
1086 977 1317 1034 religionis
1337 978 1610 1019 adveneram
1634 991 1642 1021 :

142 1063 296 1107 quaeso
312 1063 369 1091 ne
386 1062 505 1104 aegre
528 1046 711 1090 feratur.
743 1073 800 1078 —
825 1047 943 1100 Non,
972 1046 1135 1104 inquit,
1161 1046 1231 1088 hic
1250 1046 1406 1103 religio
1428 1051 1506 1088 aut
1532 1047 1642 1088 ordo

143 1116 406 1170 addiscitur,
431 1116 511 1159 sed
533 1116 570 1158 si
597 1116 667 1158 vis
687 1116 852 1168 doceri,
889 1116 945 1157 ad
978 1131 1054 1157 eos
1088 1115 1165 1173 qui
1197 1115 1242 1156 in
1282 1115 1479 1158 claustro
1520 1120 1642 1169 sunt,

142 1185 272 1229 vade.
328 1185 425 1228 Illic
476 1185 726 1243 disciplinae
766 1185 967 1242 vigorem
1001 1189 1044 1226 et
1091 1184 1345 1226 sanctitatis
1388 1184 1646 1226 rudimenta

143 1254 356 1312 reperies.
407 1254 620 1296 Excedite
654 1269 760 1311 ergo
793 1253 912 1306 hinc,
949 1253 1069 1312 quia,
1103 1253 1225 1311 quod
1264 1252 1375 1311 ipsis
1409 1253 1645 1295 monachis

144 1322 341 1366 dominis
367 1323 455 1366 loci
475 1327 544 1365 est
564 1322 772 1374 vetitum,
796 1322 926 1365 vobis
947 1327 1016 1364 est
1036 1322 1170 1379 longe
1195 1322 1391 1379 amplius
1412 1322 1645 1380 incompa-

144 1390 347 1435 rabiliter
366 1391 677 1434 inhibendum.
706 1409 726 1431 »

203 1460 408 1519 Cumque
441 1461 598 1503 eadem
630 1465 830 1519 repetere
863 1460 1017 1512 vellet,
1066 1460 1323 1518 pariterque
1357 1460 1538 1513 morari,
1569 1460 1644 1502 ille

146 1529 388 1573 tonantiori
420 1530 476 1572 ad
508 1545 585 1572 eos
620 1545 825 1572 sermone
862 1529 1124 1582 infrenduit,
1165 1533 1209 1571 et
1242 1528 1298 1570 ab
1332 1529 1426 1571 aede
1466 1529 1643 1586 prodire

142 1598 318 1657 coegit3
341 1614 534 1657 cumque
565 1599 622 1641 ad
654 1598 821 1640 ostium
851 1613 994 1656 usque
1028 1598 1373 1656 processissent,
1406 1598 1453 1640 in
1489 1598 1643 1640 limine

141 1666 458 1711 substiterunt.
498 1667 554 1710 Et
589 1667 837 1725 respiciens
870 1667 926 1710 ad
955 1667 1178 1709 seniorem
1202 1667 1296 1719 ille,
1327 1667 1404 1724 qui
1432 1667 1525 1709 dux
1549 1672 1645 1709 crat

139 1736 281 1789 verbi,
316 1751 474 1793 rursus
514 1736 700 1780 intulit:
733 1755 752 1775 «
785 1736 907 1778 Malo
936 1751 1007 1778 me
1039 1736 1142 1778 hinc
1171 1736 1432 1790 eliminatis,
1457 1735 1577 1778 certe
1606 1736 1644 1777 si

140 1821 212 1848 me
250 1804 487 1848 vobiscum
526 1805 716 1848 retinere
747 1805 1032 1857 voluissetis;
1070 1811 1139 1848 est
1173 1805 1358 1863 quidam
1391 1805 1445 1847 de
1479 1805 1644 1848 vestris

140 1873 382 1917 clientibus
400 1874 507 1916 furti
534 1889 651 1926 reus,
676 1875 798 1932 quod
820 1874 1062 1920 siinficiari
1077 1879 1386 1932 praesumeret,
1413 1890 1495 1931 ego
1523 1874 1643 1916 bello

140 1934 283 2001 pugili
302 1942 583 2000 impeterem,
605 1946 650 1985 et
671 1943 920 2000 plurimum
940 1943 1070 1985 vobis
1094 1943 1198 1985 inde
1214 1942 1235 1969 ¹²
1261 1949 1487 2001 quaestum
1509 1942 1643 1985 infer-

141 2027 237 2054 rem
259 2030 295 2052 ».
322 2011 421 2064 Quo
446 2011 597 2054 senior
616 2011 768 2054 audito
800 2011 1001 2054 subrisit.
1026 2031 1045 2052 «
1067 2012 1169 2055 Jam
1195 2028 1331 2066 nunc,
1356 2012 1518 2070 inquit,
1548 2012 1639 2054 evi-

141 2080 252 2123 dens
276 2080 554 2138 sumpsimus
583 2096 638 2122 ex
667 2085 744 2123 tua
765 2080 1129 2124 confabulatione
1150 2081 1417 2139 periculum,
1442 2082 1551 2123 dum
1566 2081 1643 2139 qui

140 2149 370 2207 religionis
391 2164 524 2192 causa
553 2150 731 2192 venisse
754 2155 799 2192 te
833 2150 1026 2203 dixeras,
1056 2166 1175 2193 nunc
1198 2155 1243 2192 te
1276 2150 1477 2208 pugilem
1506 2150 1644 2192 fatea-

139 2218 216 2262 ris.
258 2218 402 2278 Igitur
433 2223 571 2261 tantae
610 2219 770 2261 merito
812 2218 1026 2261 falsitatis
1053 2235 1135 2262 nec
1178 2220 1431 2262 audiendus
1466 2235 1529 2271 es,
1561 2235 1642 2261 nec

137 2287 360 2330 tenendus
379 2305 418 2330 ».
441 2287 506 2329 At
522 2288 671 2330 senior
685 2288 816 2330 valde
835 2288 1052 2339 irritatus,
1071 2297 1178 2331 curc
1191 2289 1306 2331 tales
1326 2289 1442 2331 intra
1458 2289 1642 2331 domum

137 2355 324 2398 admissi
345 2355 555 2409 fuissent,
582 2357 729 2414 surgit
749 2361 793 2399 et
817 2357 874 2399 ad
894 2357 1056 2400 domus
1077 2373 1222 2416 usque
1246 2358 1473 2416 porticum
1498 2358 1638 2410 vadit,

140 2424 357 2477 infirmos,
376 2424 545 2467 ibidem
565 2426 642 2483 qui
664 2442 818 2468 secum
840 2426 1099 2479 manebant,
1124 2427 1285 2469 fratres
1307 2427 1486 2484 reperit,
1510 2427 1642 2469 vehe-

138 2486 403 2552 menterque
447 2495 669 2551 coarguit,
718 2510 798 2536 cur
842 2500 935 2537 tam
972 2501 1177 2539 exterum
1225 2512 1368 2554 genus
1407 2496 1642 2538 hominum

139 2561 324 2605 introire
359 2563 592 2607 sivissent.
632 2564 703 2606 Illi
737 2569 887 2606 autem
919 2565 1210 2619 admirantes,
1249 2571 1293 2608 et
1323 2565 1512 2607 delirare
1546 2580 1642 2607 cre-

181 2685 213 2707 a.
231 2676 265 2707 et
282 2675 325 2708 D.
343 2694 385 2699 —
399 2676 432 2708 b.
454 2676 537 2709 inde
550 2677 649 2709 vobis
668 2677 709 2709 D.
724 2696 763 2700 —
781 2687 810 2709 c.
827 2678 927 2721 quod
945 2679 987 2710 D.

188 2810 214 2838 1.
239 2820 281 2834 z
295 2807 476 2840 Manleau.
