1930 3224
274 264 357 307 174
654 278 752 307 VEN.
789 278 979 307 Gmssssnri
1010 279 1116 307 vl'rAE
1148 279 1267 308 Llssfflz
1302 281 1346 308 {11

271 381 361 429 tus,
390 381 542 419 utrum
565 377 699 419 sciret
723 392 779 418 an
801 377 974 418 occisus
999 381 1118 419 esset
1140 377 1391 435 episcopus,
1421 393 1587 433 necne;
1616 378 1692 422 ille
1713 394 1759 422 se
1787 404 1790 407 Δ

270 445 475 502 ignorare
497 445 730 502 respondit
755 458 763 488 :
794 444 869 486 alii
902 444 1022 486 enim
1058 450 1198 499 erant,
1229 446 1305 503 qui
1347 446 1605 504 episcopum
1645 447 1760 490 occi-

271 512 443 565 derant,
465 513 541 554 alii
559 513 636 571 qui
659 512 778 554 aedes
805 518 1187 570 expugnaverant.
1224 513 1425 571 Cumque
1447 514 1761 558 circumeundo

272 580 461 623 cadaver
498 581 696 638 episcopi
745 581 1030 638 reperissent,
1086 582 1282 639 rogitant
1334 582 1564 640 juvenem,
1609 587 1763 626 utrum

271 648 427 706 jacens
448 664 610 705 corpus
634 649 670 690 si
698 649 795 706 ejus
818 648 931 690 foret
951 664 1003 690 ex
1030 649 1180 706 aliquo
1208 650 1336 707 signo
1363 650 1659 693 convinceret.
1694 650 1762 694 lta

272 721 422 759 autem
453 721 608 758 vertex
635 721 678 758 et
711 732 786 758 ora
827 716 1001 759 fuerant
1024 732 1079 758 ex
1105 718 1245 760 multa
1282 719 1536 761 concisione
1568 710 1757 772 mutata,

271 789 322 827 ut
342 784 534 826 discerni
558 800 646 826 non
666 789 835 841 posset.
866 785 929 827 At
951 785 1051 829 ille:
1080 803 1099 824 «
1121 785 1361 840 Recordor,
1386 787 1493 828 dum
1513 786 1758 841 adviveret,

272 853 349 904 ait,
371 852 511 894 duma
540 853 594 894 de
622 868 667 894 re
688 853 886 906 militari,
914 868 1049 910 quam
1075 853 1192 896 malo
1228 870 1309 896 suo
1341 854 1584 912 plurimum
1631 855 1761 898 affec—

272 919 411 972 tabat,
437 920 635 962 crebrius
662 920 934 979 loqueretur,
963 921 1064 978 quia
1088 921 1134 963 in
1164 921 1435 965 simulachro
1466 938 1629 981 pugnae
1653 923 1761 966 dum

274 988 463 1030 militem
477 989 701 1046 quendam
714 988 735 1015 ¹³
750 1004 863 1046 equo
879 993 1034 1031 vectus
1055 990 1248 1032 ludendo
1270 990 1519 1049 impeteret,
1533 990 1588 1033 ab
1605 991 1761 1035 eodem

273 1056 420 1113 equite
448 1062 580 1098 conto
610 1072 865 1114 percussus,
890 1057 1138 1115 subjectam
1165 1057 1279 1100 collo
1309 1058 1423 1101 illud
1453 1058 1575 1116 quod
1600 1063 1764 1102 vocant

273 1125 478 1166 canolam
502 1125 513 1153 ¹
558 1124 741 1182 fregerit
792 1143 830 1167 υ.
880 1125 936 1167 Et
994 1125 1292 1183 disquirentes
1337 1127 1505 1169 nodum
1545 1126 1764 1170 cicatricis

275 1192 527 1235 inveniunt.

333 1260 489 1314 Abbas
512 1265 661 1303 autem
692 1261 844 1304 Sancti
864 1261 1088 1303 Vincentii
1110 1261 1334 1304 Adalbero
1358 1264 1390 1315 2,
1429 1278 1533 1305 cum
1567 1263 1765 1306 audisset

275 1329 534 1387 episcopum
558 1329 895 1386 interemptum,
923 1330 1148 1386 velletque
1165 1330 1242 1371 illo
1269 1330 1348 1383 ire,
1375 1336 1527 1388 aperta
1552 1331 1591 1374 ei
1620 1331 1765 1373 fronte

273 1397 393 1439 illico
433 1397 610 1450 dicitur,
650 1397 769 1454 quod
802 1398 838 1439 si
871 1398 1112 1439 insanienti
1145 1413 1190 1440 se
1228 1398 1370 1440 turbae
1399 1399 1628 1450 insereret,
1667 1399 1762 1457 pari

268 1481 379 1515 >mox
406 1465 698 1507 internecioni
713 1465 1037 1508 succumberet.
1063 1467 1285 1508 Asserunt
1303 1471 1421 1509 certe
1436 1467 1512 1524 qui
1535 1467 1601 1510 illi
1624 1482 1760 1524 nego-

274 1533 337 1576 tio
374 1533 671 1575 interfuerunt
696 1534 754 1575 ita
781 1533 898 1575 diem
925 1534 1012 1575 diei
1045 1535 1246 1591 sequenti
1285 1539 1392 1577 tunc
1432 1536 1760 1587 continuatum,

274 1607 324 1644 ut
341 1601 462 1643 nulla
486 1602 630 1643 noctis
650 1601 951 1643 occumbitum
967 1609 983 1628 ⁶
1006 1602 1239 1659 opacitatis
1270 1603 1395 1660 signa
1429 1603 1759 1660 praetenderint.

276 1669 448 1721 Quibus
463 1685 565 1711 cum
580 1669 801 1711 obicerem
816 1669 837 1696 ἅ
853 1670 1101 1712 claritatem
1122 1670 1295 1726 ignium
1314 1671 1397 1713 hoc
1419 1671 1591 1724 fecisse,
1621 1686 1766 1714 sacra·-

276 1738 439 1780 mentis
482 1738 757 1790 astruebant,
814 1738 933 1795 quod
988 1743 1031 1780 et
1066 1754 1221 1780 verum
1261 1743 1370 1792 erat,
1410 1739 1536 1796 ignes
1575 1738 1769 1782 interdiu

276 1805 459 1848 obrutos
492 1810 872 1863 consumptosque
899 1806 1051 1848 fuisse.
1095 1806 1218 1864 Ignis
1242 1812 1392 1849 autem
1422 1807 1467 1849 in
1497 1807 1767 1849 monasterio

275 1874 500 1931 virginum
515 1875 532 1902 3
562 1874 621 1916 ita
660 1874 910 1932 praevaluit,
930 1879 981 1916 ut
1002 1874 1204 1932 quaedam
1233 1875 1287 1917 de
1305 1875 1564 1932 corporibus
1593 1879 1771 1917 sancto-

276 1957 375 1983 rum
395 1947 617 1984 exureret.

868 2129 1087 2186 [CAPUT
1120 2130 1176 2187 Χ]

338 2276 388 2318 In
412 2277 607 2319 crastino
628 2276 780 2334 igitur,
816 2278 1028 2334 quoniam
1057 2293 1188 2319 nemo
1210 2283 1304 2320 erat
1334 2294 1461 2335 pene,
1496 2278 1573 2335 qui
1611 2278 1767 2336 jacens

280 2344 478 2401 episcopi
502 2344 692 2386 cadaver
715 2345 809 2387 sine
819 2345 944 2402 jactu
965 2350 1041 2387 aut
1062 2345 1223 2402 probro
1251 2361 1329 2388 seu
1353 2346 1588 2388 maledicto
1613 2350 1769 2404 praete-

282 2413 450 2465 teriret,
478 2413 532 2454 de
556 2413 783 2469 sepultura
812 2429 916 2454 vero
939 2414 1089 2455 nullus
1104 2414 1336 2469 cogitaret,
1367 2414 1579 2470 magister
1604 2414 1770 2456 Ansel-

281 2480 351 2522 lus
363 2488 394 2531 θ,
425 2480 501 2537 qui
521 2480 747 2533 hesterno,
770 2497 871 2523 cum
902 2481 1063 2523 seditio
1083 2486 1308 2534 aestuaret,
1341 2483 1522 2523 omnino
1561 2497 1608 2524 se
1643 2482 1770 2524 abdi-

321 2601 353 2623 a.
378 2592 412 2622 et
436 2592 479 2623 D.
506 2610 542 2614 -—
573 2591 608 2623 b.
625 2592 818 2633 quemdam
833 2593 876 2624 D.
902 2603 981 2625 -ο,
1002 2592 1210 2624 occubitum
1230 2593 1274 2624 D.
1293 2611 1333 2615 -
1349 2593 1383 2624 d.
1405 2592 1602 2634 objicerem
1619 2593 1664 2625 D.
1681 2611 1723 2616 -
1738 2603 1767 2625 e.

286 2633 480 2664 Anselmus
494 2633 538 2664 D.

324 2767 351 2795 1.
375 2764 736 2796 :Trachc'c-arterc.

322 2809 352 2836 2.
382 2805 422 2836 V.
443 2815 476 2845 p.
497 2809 568 2841 139,
589 2816 621 2837 n.
643 2810 671 2836 3.

321 2850 351 2877 3.
378 2846 532 2887 Abhaye
549 2847 593 2878 de
612 2846 818 2878 Saint-Jcan
837 2848 880 2878 de
900 2847 1009 2879 Laon.

1915 845 1930 1046 „ssq-'aessn-m-nzs.
1919 811 1930 835 ¹-.
1927 797 1930 802 .
1928 781 1930 787 .
1922 754 1930 770 ⁷.-

1900 1168 1909 1180 2

1923 1261 1927 1266 -
1910 1179 1930 1245 ...mi
1921 1148 1930 1172 a.:
1917 1083 1930 1143 ..s-„r
1916 1069 1930 1076 1
1921 1059 1925 1061 ν
