1930 3224
593 265 690 295 vEN.
726 264 918 294 Guinanri
954 265 1061 294 vlTAE
1093 264 1214 293 Lmen
1248 265 1275 292 ιι
1585 250 1667 294 119

162 369 293 410 Μυῒ..
330 365 386 409 In
417 380 507 423 qua
539 363 860 422 digladiatione
899 363 968 405 vir
1005 363 1190 422 quidam
1224 362 1391 405 nobilis
1426 364 1666 420 puerulum

162 433 293 488 vidit,
316 432 556 477 miseratus
574 440 593 460 ⁸
612 432 792 490 eripuit,
816 437 860 475 et
887 432 944 475 ad
970 438 1162 482 matrem
1184 447 1314 474 suam
1334 431 1513 475 detulit.

179 524 184 542 ;
218 501 331 547 Erat
378 506 532 545 autem
575 501 672 559 ipsa
710 516 800 543 non
839 501 1078 543 mediocris
1120 499 1400 543 excellentiae
1442 501 1664 558 Augiensi

47 566 57 594 ’ἶ
82 563 98 600 “³-
162 570 320 617 comiti
339 570 568 629 quondam
595 574 737 627 nupta
761 569 792 612 ¹.
831 570 913 612 Est
945 585 1052 612 vero
1082 569 1285 627 Augium
1314 574 1512 611 castrum
1533 569 1565 622 ⁴2,
1593 569 1665 611 cui

47 626 108 657 ω’
161 637 653 698 praeeminetbabbatia
675 638 829 681 Sancti
850 637 1086 680 Michaelis
1095 638 1229 695 juxta
1253 653 1390 690 mare,
1415 638 1534 695 quod
1555 637 1662 680 dici-

45 698 56 718 ‘i
162 707 624 765 uu-Ulterisportusc
642 707 674 750 3.
695 707 893 764 Egregia
919 722 1024 763 ergo
1059 707 1237 760 mulier,
1263 706 1539 748 infantulum
1567 722 1664 748 sus-

161 775 350 835 cipiens,
375 775 672 834 gratulatoria
707 775 952 818 admodum
987 774 1250 818 affabilitate
1286 774 1343 817 ab
1367 775 1466 831 ipso
1498 775 1663 833 quaesi-

162 844 246 899 vit,
271 849 428 888 utrum
453 843 710 902 christianis
744 843 883 886 vellet
917 843 1094 901 legibus
1128 843 1361 901 applicari.
1394 844 1524 896 Quod
1559 859 1663 885 cum

162 912 240 957 ille
260 928 351 958 non
373 912 641 956 diffiteretur
673 912 881 970 (putabat
902 913 1023 955 enim
1056 928 1102 954 se
1135 912 1375 964 similibus,
1413 928 1526 970 quos
1555 928 1662 954 suos

159 981 257 1041 pati
287 981 463 1025 viderat
500 981 794 1034 contribules,
830 981 1028 1023 caedibus
1064 981 1379 1039 destinatum),
1413 981 1661 1023 accelerato

158 1050 241 1109 qui
277 1049 559 1108 baptisatisd
585 1050 802 1107 competit
844 1054 1078 1108 apparatu,
1116 1049 1207 1092 itur
1247 1050 1303 1092 ad
1345 1049 1534 1093 fontem.
1578 1048 1661 1092 Cui

155 1118 306 1162 indito
337 1123 441 1177 post
463 1119 719 1162 orationum
743 1118 960 1176 mysteria
984 1123 1281 1172 sacramento,
1309 1134 1414 1160 cum
1430 1119 1487 1160 ad
1510 1119 1661 1160 locum

159 1191 349 1232 ventum
369 1192 506 1242 esset,
533 1187 626 1240 ubi,
655 1203 843 1230 accenso
862 1187 1047 1239 lumine,
1079 1186 1258 1244 liquens
1288 1187 1334 1229 in
1366 1188 1535 1230 undam
1560 1203 1659 1229 cera

160 1255 420 1310 dimittitur,
463 1261 593 1314 gutta
633 1256 923 1314 singulariter
967 1255 1134 1298 ibidem
1173 1256 1270 1298 visa
1312 1262 1381 1299 est
1424 1256 1655 1308 cecidisse,

159 1317 267 1384 quae*
282 1340 364 1383 per
389 1340 438 1368 se
458 1325 602 1368 solam
625 1325 671 1367 in
707 1325 818 1382 ipsis
847 1324 977 1382 aquis
1008 1325 1120 1367 adeo
1147 1330 1353 1367 accurate
1385 1341 1481 1378 sua,
1513 1330 1564 1367 ut
1594 1325 1658 1366 sic

160 1393 325 1448 dicam,
354 1393 658 1452 quantitatula
697 1394 892 1450 effigiem
922 1393 1067 1436 crucis
1094 1394 1333 1451 expressit,
1364 1399 1415 1436 ut
1455 1410 1511 1436 ex
1560 1398 1657 1436 tan-

158 1461 259 1505 tilla
291 1462 478 1506 materie
516 1462 663 1505 simile
687 1462 797 1520 quid
832 1478 970 1504 manu
1005 1462 1103 1504 fieri
1135 1462 1333 1504 humana
1364 1478 1455 1516 non
1492 1462 1651 1519 possit.

108 1546 111 1548 ·
159 1531 268 1575 Haec
288 1531 388 1589 ipsa
416 1530 528 1574 mihi
566 1531 811 1583 comitissa,
841 1547 945 1573 cum
982 1531 1028 1573 in
1061 1536 1242 1573 tantum
1277 1531 1389 1573 mihi
1422 1531 1658 1573 familiaris

155 1604 277 1643 esset
295 1615 346 1642 ac
364 1599 496 1643 unice
522 1604 645 1653 nota,
680 1605 731 1642 ut
767 1615 855 1642 non
898 1600 986 1642 nisi
1028 1599 1172 1642 filium
1214 1615 1285 1642 me
1328 1605 1526 1652 vocaret,
1572 1600 1655 1643 hoc

151 1668 289 1711 etiam
309 1667 406 1728 ipse
444 1668 683 1726 presbyter
702 1669 871 1726 pariter
899 1684 990 1710 non
1021 1668 1117 1711 sine
1148 1668 1290 1710 divini
1323 1669 1521 1710 nominis
1552 1669 1656 1725 plu-

149 1737 261 1780 rima
307 1737 636 1781 contestatione
675 1737 902 1780 dixerunt.
952 1737 1097 1789 Quem
1142 1752 1225 1794 ego
1280 1734 1512 1780 eventum⁴
1543 1737 1654 1780 satis

15 1801 43 1842 ³³ss
76 1860 80 1863 μ
146 1805 338 1849 leviter-⁶
360 1806 654 1864 accepissem,
676 1806 762 1848 nisi
777 1821 1012 1848 successus
1038 1806 1244 1864 egregios
1271 1806 1448 1864 pueruli
1468 1806 1652 1848 indubie

148 1874 466 1934 pervidissem.
529 1874 788 1917 Vocabatur
847 1879 999 1920 autem
1064 1875 1295 1918 comitissa
1361 1875 1620 1917 Helisendis
1642 1888 1651 1927 3

149 1942 272 1986 filius
295 1958 403 1986 vero
427 1942 542 2001 ejus,
570 1943 648 2002 qui
685 1959 708 1986 a
735 1944 856 1986 caede
889 1959 992 1985 eum
1019 1943 1198 1997 extulit,
1235 1949 1279 1986 et
1313 1959 1338 1985 a
1365 1959 1492 1986 sacro
1530 1943 1654 1986 fonte

149 2011 335 2070 recepit,
362 2012 670 2055 Guillelmusf
684 2011 713 2056 4.
740 2012 870 2056 Unde
891 2016 936 2054 et
959 2027 1124 2054 nomen
1152 2028 1290 2070 puero
1315 2012 1372 2055 ad
1405 2020 1485 2055 se9
1510 2013 1650 2058 dedit.

188 2121 411 2166 a.'misertus
428 2134 455 2166 B
475 2134 523 2175 (ct
542 2134 600 2176 D).
617 2153 658 2157 -—
672 2133 705 2165 b.
721 2133 914 2175 praeminet
932 2134 972 2165 B.
993 2133 1178 2175 preminet
1197 2134 1240 2165 D.
1255 2128 1296 2157 -'
1310 2145 1338 2166 c.
1370 2134 1508 2166 Veteris
1521 2136 1652 2176 portus

147 2174 193 2208 D.
209 2193 249 2199 —
266 2175 300 2208 d.
315 2175 510 2218 baptizatis
528 2176 572 2208 D.
594 2194 636 2199 —-
652 2186 680 2208 e.
701 2175 807 2207 Corr?
821 2176 865 2207 de
891 2176 934 2208 D.
960 2175 1093 2207 leniter
1111 2176 1150 2208 B.
1167 2194 1206 2199 --
1223 2175 1250 2217 f.
1273 2176 1479 2208 Guillemus
1497 2177 1536 2208 Β.
1556 2195 1597 2199 -
1615 2188 1651 2219 9.

145 2217 299 2250 Lacune.
315 2217 348 2249 D
365 2228 522 2259 propose
538 2218 670 2250 delato.
687 2219 741 2250 On
763 2220 850 2259 peut
868 2219 1028 2257 corriget·
1045 2228 1064 2249 a
1083 2227 1132 2250 se.

183 2361 212 2391 1.
238 2359 286 2391 Le
306 2357 426 2391 comte
443 2358 531 2390 d'Eu
550 2359 604 2390 fut
628 2358 724 2399 erige
752 2369 795 2390 en
813 2362 873 2390 996
891 2369 934 2390 en
959 2359 1088 2390 savem·
1103 2359 1148 2390 de
1167 2359 1340 2398 Geoffroi,
1367 2359 1422 2391 fils
1443 2360 1586 2392 naturel
1605 2361 1651 2391 du

139 2401 210 2474 guo
223 2400 268 2432 de
286 2400 520 2474 Nplrmandie,
547 2401 702 2432 Richard
728 2400 781 2439 1⁸,
802 2411 866 2441 par
890 2410 954 2432 son
979 2400 1073 2432 frere
1101 2400 1259 2433 Richard
1287 2401 1318 2432 11
1339 2402 1421 2442 (Arc
1440 2402 1483 2433 de
1506 2402 1580 2433 ve'r.
1602 2403 1651 2433 les

164 2444 253 2482 ates,
271 2444 296 2475 ι.
355 2467 363 2480 ,
410 2466 418 2474 .
437 2443 521 2482 797).

179 2487 210 2516 2.
234 2483 300 2523 Eu,
318 2453 406 2526 dep?
421 2485 466 2516 de
483 2485 516 2516 la
535 2483 740 2523 Scine-Ins.,
760 2495 829 2515 arr.
844 2484 887 2515 de
908 2484 1060 2526 Dieppc,
1080 2485 1177 2516 ch.-l.
1196 2485 1239 2516 dc
1256 2487 1401 2517 canton.
1423 2485 1469 2516 Le
1485 2486 1649 2526 chaman,

138 2525 247 2558 fonde
262 2535 328 2567 par
342 2526 471 2558 Rollon
489 2537 533 2558 au
549 2532 584 2557 Χ·
601 2526 723 2563 siecle,
743 2526 796 2557 fut
812 2526 928 2557 rebati
947 2526 966 2557 ὰ
984 2526 1099 2566 pai-tir
1117 2527 1160 2558 de
1180 2529 1272 2558 1578.

180 2571 212 2600 3.
237 2567 285 2599 Le
303 2567 471 2609 Treport,
496 2568 540 2599 de
572 2593 578 2599 .
603 2568 648 2599 de
666 2568 699 2598 la
720 2567 928 2605 Sei11e-1ns.‚
950 2578 1019 2599 arr.
1039 2568 1083 2599 de
1104 2568 1255 2610 Dieppe,
1274 2572 1407 2601 canton
1432 2569 1476 2600 de
1498 2569 1649 2610 Dieppe.

140 2609 189 2642 La
214 2609 402 2642 fondation
425 2610 469 2641 de
499 2609 543 2641 l'a
573 2609 666 2650 haye
693 2610 737 2640 de
761 2609 1016 2641 Saint-Michel
1041 2610 1089 2641 du
1111 2610 1266 2651 Treport
1289 2612 1344 2642 est
1369 2611 1411 2642 de
1438 2614 1517 2642 1059
1543 2611 1649 2650 (Gall.

142 2650 292 2686 Christ..
312 2653 336 2683 t.
360 2651 423 2690 XI,
441 2651 509 2683 col.
539 2653 598 2682 244
626 2654 732 2692 sqq.)‚
752 2652 788 2683 et
815 2661 886 2682 non
911 2652 954 2682 de
981 2654 1072 2692 1036,
1095 2662 1234 2683 comme
1259 2653 1312 2684 dit
1332 2652 1499 2693 Dachcry
1522 2653 1650 2693 (Nolae,

145 2703 180 2734 p.
199 2694 354 2733 631-633)
370 2693 432 2734 qui
449 2703 469 2725 a
487 2693 523 2724 lu
544 2694 564 2724 a
582 2694 657 2724 tort
683 2692 960 2734 Veterisportm.

183 2736 213 2766 4.
239 2734 433 2766 Helisende
462 2737 519 2767 est
550 2740 620 2766 une
652 2735 765 2766 soi-me
798 2735 845 2765 du
875 2745 959 2766 nom
988 2735 1032 2766 de
1064 2735 1258 2767 Lesceline.
1289 2735 1473 2767 Lcscelinc
1500 2735 1588 2767 &tait
1618 2737 1650 2768 la

139 2776 272 2808 femme
285 2777 330 2808 de
348 2776 551 2808 Guillaume
571 2776 615 2806 1⁸³r
631 2776 718 2807 d’Eu
735 2776 796 2817 (Le
812 2776 976 2815 Prevost,
995 2777 1040 2808 ad
1058 2776 1150 2809 Hist.
1169 2778 1308 2810 eccles..
1335 2778 1522 2809 d'Orderic
1540 2777 1649 2818 Vital,

141 2820 168 2852 t.
188 2817 232 2856 11,
251 2829 285 2860 p.
307 2821 357 2858 13,
376 2828 411 2849 n.
435 2818 478 2854 1).
497 2818 573 2850 Elle
591 2818 694 2850 futla
722 2818 819 2851 mere
843 2818 891 2850 du
917 2821 1036 2850 comte
1064 2818 1268 2850 Guillaumc
1288 2819 1319 2849 11
1345 2820 1418 2860 qui,
1438 2830 1521 2850 sans
1539 2820 1650 2851 doute
