1930 3224
283 261 365 303 112
695 280 794 308 vara.
831 279 1023 308 uunffln'ri
1057 281 1163 309 vrrAE
1196 282 1313 310 Linea
1347 282 1375 309 11

340 374 448 426 Quae
477 376 698 418 sententia
723 377 779 418 ad
800 376 896 432 ejus
917 377 1177 434 aucupanda
1193 376 1309 419 facta
1326 378 1557 435 sequentia
1579 378 1757 421 univer-

280 458 432 484 sorum
482 443 655 485 animos
702 444 1038 501 impra=gnavit3
1096 445 1192 502 ejus
1241 445 1359 487 enim
1407 450 1551 488 status
1588 446 1633 488 in
1672 446 1767 490 dies

275 510 451 566 copiose
482 510 735 553 lentescens
781 511 925 568 seipsa
965 512 1230 554 deteriorem
1281 513 1415 570 coepit
1464 513 1767 556 indesinenter

274 577 419 620 facere
444 578 733 635 sponsionem
750 579 778 621 ¹.
810 579 897 622 Sed
923 579 976 621 de
999 580 1068 621 his
1095 580 1275 622 interim
1306 581 1535 633 sileamus,
1570 580 1767 624 habituri

275 644 461 687 forsitan
488 645 533 686 in
558 646 851 702 sequentibus
880 646 977 688 loca
1004 647 1099 690 ubi.
1122 683 1129 691 .
1152 656 1203 690 .‘¹-

860 820 1178 873 [CAPUTIH]

339 958 411 1000 Ad
440 958 558 1001 hunc
577 974 682 1015 ergo
706 958 824 1000 unde
841 958 912 1000 hic
928 957 947 983 ¹'
968 958 1197 1015 digressus
1219 958 1361 1001 fuerat
1381 959 1543 1011 locum,
1562 964 1606 1001 et
1632 975 1766 1017 quem

279 1026 374 1084 ipse
435 1031 742 1084 competenter
796 1042 846 1068 ac
895 1031 1142 1083 opportune
1196 1032 1447 1084 aptaverat,
1492 1031 1536 1069 et
1573 1027 1619 1069 in
1657 1043 1761 1085 quo,

278 1095 315 1137 si
362 1095 528 1136 habitis
571 1099 811 1136 contentus
856 1110 953 1135 esse
997 1094 1146 1145 vellet,
1184 1094 1540 1137 fortunatissime
1567 1100 1610 1137 et
1633 1094 1766 1137 liber-

280 1163 406 1214 rime,
463 1162 577 1204 nulli
617 1162 853 1214 obnoxius,
900 1162 1105 1204 victitare
1155 1167 1374 1219 potuerat,
1430 1162 1661 1215 electione,
1715 1168 1765 1206 ut

277 1230 481 1288 superius
506 1230 598 1271 dixi
614 1231 643 1281 2²,
682 1230 812 1281 facta,
851 1246 921 1271 me
952 1230 1141 1286 contigit
1177 1230 1365 1271 evocari·
1406 1230 1577 1272 Electio
1612 1235 1763 1274 autem

278 1303 430 1340 utrum
456 1298 548 1339 Deo
576 1298 755 1340 nolente
780 1313 835 1339 an
864 1298 1083 1339 tolerante
1118 1298 1263 1350 fuerit,
1302 1298 1451 1340 nescio
1476 1311 1485 1341 ;
1516 1298 1599 1340 hoc
1621 1314 1763 1340 unum

279 1381 432 1408 secure
460 1366 721 1423 pronuncio,
743 1366 845 1422 quia
865 1381 1007 1422 neque
1024 1381 1074 1407 eo
1090 1365 1277 1417 ambitu,
1306 1381 1448 1424 neque
1473 1381 1543 1408 me
1565 1365 1758 1418 conscio,

278 1439 355 1476 aut
404 1449 606 1475 meorum
644 1433 836 1475 factione
878 1438 1113 1490 parentum
1160 1438 1394 1490 procurata
1434 1433 1491 1476 sit
1534 1431 1652 1475 m'eic
1686 1433 1760 1476 illa

277 1501 498 1558 quaesitio,
537 1507 581 1543 et
616 1502 727 1543 istac
759 1501 942 1558 quidem
983 1517 1051 1542 res
1093 1501 1205 1543 bene
1244 1508 1487 1559 utcumque
1513 1501 1758 1558 processit;

275 1569 378 1611 illac
400 1585 521 1620 vero,
544 1569 664 1626 quod
692 1569 861 1610 scilicet
886 1584 910 1610 a
932 1569 1110 1611 nemine
1138 1585 1292 1610 eorum
1334 1568 1651 1626 cognoscebar,
1682 1583 1762 1611 nec

276 1636 532 1694 quempiam
577 1652 730 1678 eorum
778 1652 1005 1688 noveram,
1073 1653 1162 1678 non
1211 1637 1380 1678 utiliter
1424 1636 1627 1690 forsitan,
1673 1653 1762 1679 non

275 1705 450 1760 integre
486 1705 606 1761 quod
643 1709 849 1746 secutura
897 1706 1095 1746 lecturus
1139 1705 1357 1747 attendat.
1409 1705 1480 1746 Ad
1525 1720 1599 1746 eos
1641 1704 1760 1746 enim

276 1772 463 1814 veniens
482 1777 654 1814 certum
675 1772 794 1828 apud
815 1788 885 1814 me
918 1788 1006 1814 non
1041 1772 1199 1825 habeo,
1228 1772 1364 1829 quod,
1398 1773 1460 1814 eis
1488 1772 1757 1829 incognitus,

275 1845 320 1881 et
342 1840 428 1897 ipsi
450 1840 574 1893 mihi,
598 1840 876 1882 simultatem
891 1840 1140 1897 quamlibet
1160 1841 1242 1882 hac
1261 1841 1314 1882 de
1335 1856 1467 1882 causa
1485 1839 1762 1897 concepisse-

275 1923 391 1950 mus.
417 1907 489 1950 Sic
519 1912 670 1949 tamen
701 1908 978 1949 sentiebatur
1004 1924 1025 1949 a
1055 1908 1340 1964 quibusdam.
1371 1908 1500 1959 Quod
1523 1908 1634 1950 alias
1661 1908 1761 1965 qui-

275 1975 378 2017 dem
412 1980 456 2017 et
490 1976 694 2032 contigit,
722 1980 927 2033 potestve
949 1991 1195 2032 congruere
1210 1976 1230 2001 ‘¹
1249 1990 1257 2029 3
1294 1976 1364 2017 hic
1385 1984 1401 2002 ‘³
1424 1981 1574 2018 autem
1594 1975 1761 2018 factum

273 2043 534 2085 nullatenus
560 2044 687 2100 potui
708 2043 942 2100 conjicere.
967 2044 1093 2085 Nulli
1114 2059 1306 2102 namque
1328 2043 1515 2085 dubium
1530 2048 1613 2096 est,
1641 2042 1761 2100 quod

274 2110 558 2152 familiaritas
583 2126 632 2152 ac
648 2111 805 2153 notitia
830 2111 1062 2152 audaciam
1088 2127 1240 2168 parere
1263 2112 1419 2164 soleat,
1449 2111 1631 2153 audacia
1654 2126 1760 2152 vero

272 2179 316 2219 in
339 2179 642 2221 temeritatem
668 2179 880 2220 facillime
900 2184 1179 2236 prorumpat.
1211 2180 1265 2221 Et
1292 2185 1412 2221 certe
1446 2179 1661 2236 majorem
1689 2179 1760 2220 his

274 2262 387 2303 quos
419 2247 568 2288 minus
600 2247 808 2288 novimus
838 2247 1136 2288 reverentiam
1166 2247 1374 2289 exhibere
1407 2248 1618 2300 solemus,
1658 2247 1762 2288 licet

276 2314 407 2355 illum
435 2315 545 2355 mihi
573 2315 841 2371 ingredienti
858 2316 1020 2368 locum,
1049 2314 1173 2356 nullo
1197 2315 1330 2357 modo
1351 2330 1504 2356 eorum
1531 2315 1761 2356 conscien-

268 2382 332 2424 tia
363 2387 480 2424 esset
517 2383 731 2433 occlusam
777 2383 854 2424 sed
898 2388 992 2424 tam
1028 2383 1149 2424 fideli
1189 2383 1470 2424 confessione
1510 2398 1614 2424 suos
1650 2381 1758 2423 mihi

273 2450 448 2491 animos
491 2451 799 2506 prodiderunt,
848 2451 1087 2507 prodentes
1128 2450 1355 2504 unierunt,
1397 2455 1447 2492 ut
1479 2450 1555 2507 qui
1594 2450 1758 2492 alicubi

316 2588 346 2609 a.
374 2580 526 2610 Lacune.
555 2579 764 2619 Astdrisque
791 2580 874 2610 B.——
889 2580 921 2610 I).
949 2589 1100 2620 manquc
1119 2580 1209 2610 D.--
1227 2590 1256 2610 c.
1278 2578 1426 2610 mihil).
1444 2598 1485 2601 -
1499 2579 1531 2610 d.
1552 2579 1760 2620 conlinfsere

274 2620 318 2651 D.
335 2639 374 2642 —
398 2630 426 2653 e.
447 2621 477 2650 l)
497 2631 651 2661 propose
678 2620 739 2651 siv.

315 2781 341 2807 1.
369 2777 521 2808 Guibcrt
539 2778 677 2808 revient
700 2788 742 2808 on
762 2778 843 2808 ess'et
861 2778 878 2808 a
899 2778 991 2808 saint
1009 2777 1166 2808 Gonni-oi
1185 2789 1226 2808 au
1249 2777 1271 2809 l.
1292 2778 1351 2815 ΙΙΙ,
1374 2788 1403 2807 c.
1426 2787 1494 2809 xiv.

312 2822 341 2850 2.
368 2819 504 2857 Cs.1.1‚
525 2829 553 2849 c.
575 2829 643 2850 x1x.
