1930 3224
313 277 367 320 32
727 292 825 322 vm.
861 293 1055 322 GUmERTl
1088 293 1194 322 vrrAE
1225 294 1344 322 Lmen
1377 295 1391 324 1

308 394 490 443 aeterno,
521 405 622 432 cum
638 405 684 431 se
699 391 754 432 ad
782 390 1221 433 excommunicatum
1247 396 1354 433 tunc
1381 393 1596 450 temporis
1631 393 1796 437 Henri-

308 473 410 500 cum
428 466 446 484 ἢ
471 458 813 514 imperatorem¹
850 458 944 515 ipse
971 458 1104 500 etiam
1136 460 1551 502 excommunicatus
1581 461 1796 524 contulis-

309 530 392 578 set,
405 525 487 568 hae
503 526 694 583 illacque
714 525 942 579 oberranS,
962 525 1057 568 sine
1073 527 1386 570 communione
1403 533 1627 585 postremo
1643 529 1801 572 defun-

307 593 475 650 giturb.

367 663 541 719 Opere0
573 678 678 704 vero
705 662 941 719 preciumd
964 663 1050 705 dici
1084 668 1153 705 est
1175 664 1403 720 quiddam,
1434 665 1555 723 quod
1585 664 1668 708 sub
1699 665 1798 724 ipso

307 730 423 772 intra
453 730 607 772 urbem
628 730 904 787 malignante
926 731 1146 788 provenit.
1187 732 1308 774 Inter
1334 733 1634 776 ecclesiastica
1667 749 1790 777 orna-

307 803 457 841 menta
506 814 605 856 quae
645 798 879 851 militibus,
929 799 1006 856 qui
1047 815 1137 841 suae
1200 800 1497 844 inservierant
1552 801 1795 858 tyrannidi,

306 859 630 924 impertiverat,
662 867 777 909 calix
810 882 970 910 aureus
997 883 1087 909 non
1114 868 1240 924 parvi
1270 867 1474 910 bifariam
1497 869 1665 927 precii&
1684 874 1794 924 erat,

306 935 409 992 quia
434 939 478 977 et
497 935 701 992 plurimae
724 935 990 993 quantitatis
1005 935 1163 988 fuerat,
1189 941 1232 978 et
1247 936 1397 978 nescio
1425 942 1558 994 quota
1577 936 1639 979 ibi
1663 937 1800 996 parti-

306 1003 405 1045 cula
432 1003 528 1045 auri
547 1003 685 1054 illius,
715 1003 834 1060 quod
866 1019 890 1045 a
917 1002 1061 1045 tribus
1088 1004 1280 1045 Domino
1308 1004 1454 1061 Magis
1480 1004 1681 1047 oblatum
1713 1009 1795 1059 est,

305 1070 485 1122 affusaf,
513 1075 563 1113 ut
589 1070 829 1124 ferebatur,
860 1076 968 1115 erat.
1000 1071 1114 1114 Cum
1136 1087 1242 1128 ergo
1264 1071 1433 1129 ¹forcipe
1461 1072 1692 1115 desectum
1721 1088 1801 1131 per

304 1139 548 1196 portiones,
573 1139 735 1198 quibus
754 1139 1018 1191 delibuerat,
1049 1139 1333 1197 dilargiretur
1370 1140 1572 1194 calicem,
1598 1145 1643 1183 et
1665 1154 1798 1183 nemo

306 1207 620 1249 sacratissimae
654 1208 717 1249 rei
750 1207 1045 1265 suscipiendae
1068 1208 1385 1264 acquiesceret,
1416 1208 1598 1251 tandem
1637 1209 1798 1251 sceles-

306 1280 378 1317 tus
418 1275 599 1333 quidam
639 1291 790 1334 eques,
830 1291 910 1317 suo
943 1276 1217 1317 muneratori
1255 1291 1343 1317 non
1381 1276 1538 1334 impar,
1571 1276 1798 1334 suscipere

304 1359 479 1400 passus,
534 1343 623 1386 imo
664 1344 912 1401 procaciter
957 1348 1211 1400 contempta
1251 1344 1519 1386 sacramenti
1565 1343 1797 1402 majestate

306 1412 567 1468 corripiens,
595 1412 640 1453 in
662 1412 906 1454 amentiam
927 1412 1047 1453 illico
1074 1427 1246 1465 versuS,
1272 1427 1473 1463 censum,
1503 1427 1636 1470 quem
1671 1412 1796 1454 inde-

305 1480 396 1522 bite
438 1484 800 1537 praesumpserat,
846 1495 936 1521 non
991 1479 1219 1537 expendit,
1256 1484 1300 1522 et
1346 1484 1496 1521 tamen
1546 1475 1792 1522 temerariae

305 1548 564 1605 cupiditatis
585 1548 798 1590 continuo
824 1563 981 1604 peenas
1005 1547 1175 1605 pendit.

365 1617 428 1659 At
444 1617 593 1658 Bruno
609 1624 642 1668 ἃ,
662 1616 770 1658 urbe
786 1616 977 1668 deserta,
1000 1616 1149 1657 seculo
1162 1623 1183 1649 9
1197 1615 1330 1657 etiam
1351 1611 1670 1658 abrenunciare
1684 1631 1790 1673 pro—

303 1685 443 1743 ponit,
468 1684 560 1742 qui,
580 1700 761 1726 suorum
782 1684 967 1726 notitias
991 1684 1194 1734 horrens,
1213 1683 1269 1725 ad
1291 1683 1760 1741 Gratianopolitanum
1775 1683 1792 1712 ²

301 1753 519 1810 processit
550 1752 839 1795 territorium.
884 1751 950 1793 Ibi
995 1752 1041 1793 in
1074 1751 1212 1793 arduo
1249 1755 1293 1793 et
1326 1750 1567 1793 admodum
1600 1751 1789 1794 terribili

301 1821 620 1879 promontorio,
662 1820 718 1862 ad
745 1820 863 1877 quod
898 1819 1214 1862 difficillimum
1240 1823 1284 1861 et
1311 1819 1439 1861 valde
1471 1818 1672 1861 insolens
1705 1819 1789 1862 iter

302 1889 550 1932 intenditur
595 1887 695 1947 (sub
739 1904 790 1930 eo
830 1888 964 1930 etiam
1008 1887 1371 1944 praeruptissima—
1428 1886 1561 1929 vallis
1625 1902 1790 1944 vorago

302 1957 526 2015 dehiscit),
549 1956 747 1999 habitare
775 1956 993 2012 deligens,
1030 1955 1290 2012 hujusmodi
1322 1970 1470 1997 mores
1505 1954 1716 2006 instituit,
1748 1959 1792 1997 et

303 2041 516 2084 sequaces
537 2025 632 2083 ejus
653 2024 873 2081 hodieque
895 2024 957 2065 sic
985 2024 1158 2066 vivunt.

343 2175 373 2196 a.
401 2165 578 2205 Capitales
593 2164 631 2194 B.
651 2181 692 2186 -—
712 2163 745 2193 Ι).
767 2163 814 2194 Le
833 2164 928 2194 texte
943 2163 986 2193 de
998 2161 1229 2193 Guihertcite
1240 2172 1304 2201 par
1318 2161 1349 2192 la
1361 2161 1476 2193 Gallia
1494 2160 1714 2200 Christiana,
1729 2160 1790 2201 IX,

303 2208 418 2246 71,est
432 2206 649 2246 legerement
661 2205 845 2236 different:
861 2218 874 2231 «ι
890 2204 1006 2244 Hujus
1022 2214 1105 2243 ergo
1130 2213 1247 2234 mores
1266 2213 1413 2243 prorsus
1430 2203 1614 2243 improbos
1627 2205 1663 2234 et
1676 2202 1791 2243 stupi-

303 2249 470 2279 dissimos
485 2248 630 2278 habitus
653 2256 761 2286 quum
785 2245 901 2276 omnis
925 2245 1098 2276 honestus
1125 2245 1298 2280 horreret,
1324 2245 1443 2275 Brimo
1467 2244 1504 2274 in
1528 2243 1687 2275 eeclesiis
1711 2243 1793 2275 Gal-

303 2290 358 2320 liae
382 2292 467 2320 tune
483 2289 764 2329 opinatissimus,
782 2297 861 2318 eum
886 2287 964 2317 aliis
985 2287 1194 2317 clericorum
1215 2286 1405 2316 Remorum
1425 2285 1617 2321 nobilibus,
1633 2285 1791 2316 insamiae

303 2332 398 2362 illius
413 2331 495 2362 odio
514 2330 668 2361 excessit
683 2330 727 2359 ab
744 2329 848 2367 urbe,
869 2338 974 2368 quem
997 2327 1224 2368 postmodum
1246 2337 1424 2367 proceres,
1449 2327 1564 2358 clerus
1585 2328 1691 2366 atque
1709 2326 1792 2358 bur-

302 2383 440 2412 genses,
455 2382 563 2412 quum
582 2371 626 2402 ab
649 2371 799 2410 lingone
824 2369 946 2400 Diensi
973 2369 1182 2409 apostolicoe
1207 2369 1301 2399 sedis
1326 2369 1442 2408 legato
1465 2367 1684 2399 anathemati
1705 2368 1789 2398 feri—

302 2417 411 2452 retur,
429 2424 448 2444 a
472 2414 555 2444 sede
571 2423 676 2453 quam
695 2412 784 2443 male
803 2411 1005 2447 obsederat,
1024 2410 1257 2451 expulerunt;
1274 2411 1310 2440 et
1321 2409 1427 2440 exilio
1446 2409 1623 2449 relegatus
1641 2411 1788 2448 aeterno,

303 2465 412 2496 quum
430 2456 473 2486 ad
489 2454 835 2485 excommunicatum
854 2455 938 2483 tunc
957 2451 1128 2492 temporis
1148 2451 1341 2481 Henricum
1360 2451 1434 2491 ipse
1453 2451 1560 2481 etiam
1584 2459 1790 2481 excommu-

303 2497 444 2527 nicatus
468 2506 504 2527 se
529 2495 753 2532 contulisset,
781 2495 846 2524 hac
874 2494 1025 2533 illacque
1053 2493 1222 2524 aberrans
1250 2492 1326 2522 sine
1339 2492 1590 2522 communione
1607 2493 1788 2531 postremo

303 2538 519 2578 defungitur.
545 2551 558 2565 »
580 2555 610 2559 -
628 2547 656 2567 e.
672 2546 779 2576 opera
794 2536 837 2567 D.
862 2552 901 2557 ——
918 2534 951 2565 d.
969 2534 1129 2575 pretium
1146 2534 1189 2564 D.
1207 2551 1248 2555 —-
1265 2543 1292 2564 e.
1316 2532 1426 2574 prelii
1444 2533 1487 2563 D.
1506 2551 1547 2555 —
1566 2532 1592 2572 f.
1611 2532 1724 2574 effusa
1741 2533 1784 2564 D.

303 2590 339 2621 9.
355 2580 487 2610 saeeulo
509 2579 552 2609 D.

350 2759 379 2786 1.
407 2754 517 2785 lIenri
538 2754 597 2794 IV,
618 2755 808 2784 1056-1106.
829 2752 855 2783 Il
874 2752 927 2782 fut
945 2750 1194 2782 excommunic
1214 2760 1278 2791 par
1295 2749 1466 2790 Gregoire
1494 2748 1560 2779 V11
1582 2759 1625 2780 en
1649 2751 1727 2779 1076
1749 2749 1785 2780 et

303 2806 345 2827 en
366 2799 457 2827 1080.

345 2842 374 2869 2.
401 2837 595 2868 Greuoble.
