<?xml version="1.0" encoding="UTF-8"?>
<!DOCTYPE html PUBLIC "-//W3C//DTD XHTML 1.0 Transitional//EN"
    "http://www.w3.org/TR/xhtml1/DTD/xhtml1-transitional.dtd">
<html xmlns="http://www.w3.org/1999/xhtml" xml:lang="en" lang="en">
 <head>
  <title>
</title>
<meta http-equiv="Content-Type" content="text/html;charset=utf-8" />
  <meta name='ocr-system' content='tesseract 3.04.00' />
  <meta name='ocr-capabilities' content='ocr_page ocr_carea ocr_par ocr_line ocrx_word'/>
</head>
<body>
  <div class='ocr_page' id='page_1' title='image "./histoiredesavie100guibuoft_0281.png"; bbox 0 0 1930 3224; ppageno 0'>
   <div class='ocr_carea' id='block_1_1' title="bbox 578 237 1667 279">
    <p class='ocr_par' dir='ltr' id='par_1_1' title="bbox 578 237 1667 279">
     <span class='ocr_line' id='line_1_1' title="bbox 578 237 1667 279; baseline 0.001 -1"><span class='ocrx_word' id='word_1_1' title='bbox 578 250 675 278; x_wconf 72' lang='lat' dir='ltr'><strong>vssN.</strong></span> <span class='ocrx_word' id='word_1_2' title='bbox 711 250 904 278; x_wconf 69' lang='grc' dir='ltr'>(ιιιιιικιιτι</span> <span class='ocrx_word' id='word_1_3' title='bbox 939 250 1046 278; x_wconf 76' lang='lat' dir='ltr'>vn·AE</span> <span class='ocrx_word' id='word_1_4' title='bbox 1078 250 1199 279; x_wconf 69' lang='lat' dir='ltr'>Lmen</span> <span class='ocrx_word' id='word_1_5' title='bbox 1233 251 1277 278; x_wconf 85' lang='lat'>111</span> <span class='ocrx_word' id='word_1_6' title='bbox 1309 270 1312 273; x_wconf 85' lang='lat'><strong>.</strong></span> <span class='ocrx_word' id='word_1_7' title='bbox 1583 237 1667 279; x_wconf 82' lang='lat'>207</span> 
     </span>
    </p>
   </div>
   <div class='ocr_carea' id='block_1_2' title="bbox 0 0 290 316">
    <p class='ocr_par' dir='ltr' id='par_1_2' title="bbox 0 0 290 316">
     <span class='ocr_line' id='line_1_2' title="bbox 0 0 290 316; baseline 0 2908"><span class='ocrx_word' id='word_1_8' title='bbox 0 0 290 316; x_wconf 95' lang='lat' dir='ltr'> </span> 
     </span>
    </p>
   </div>
   <div class='ocr_carea' id='block_1_3' title="bbox 138 337 1666 2400">
    <p class='ocr_par' dir='ltr' id='par_1_3' title="bbox 138 337 1666 2400">
     <span class='ocr_line' id='line_1_3' title="bbox 160 337 1666 409; baseline 0 -17"><span class='ocrx_word' id='word_1_9' title='bbox 160 349 310 393; x_wconf 80' lang='lat' dir='ltr'>clerici</span> <span class='ocrx_word' id='word_1_10' title='bbox 329 365 419 408; x_wconf 84' lang='lat' dir='ltr'>prae</span> <span class='ocrx_word' id='word_1_11' title='bbox 433 350 748 408; x_wconf 77' lang='lat' dir='ltr'>properatione</span> <span class='ocrx_word' id='word_1_12' title='bbox 772 337 1043 401; x_wconf 86' lang='lat' dir='ltr'>commissis,</span> <span class='ocrx_word' id='word_1_13' title='bbox 1065 350 1140 393; x_wconf 93' lang='lat' dir='ltr'>ille</span> <span class='ocrx_word' id='word_1_14' title='bbox 1161 350 1238 409; x_wconf 86' lang='lat' dir='ltr'>qui</span> <span class='ocrx_word' id='word_1_15' title='bbox 1257 350 1403 393; x_wconf 90' lang='lat' dir='ltr'>furem</span> <span class='ocrx_word' id='word_1_16' title='bbox 1427 351 1666 408; x_wconf 89' lang='lat' dir='ltr'>compella-</span> 
     </span>
     <span class='ocr_line' id='line_1_4' title="bbox 159 417 1665 478; baseline -0.001 -16"><span class='ocrx_word' id='word_1_17' title='bbox 159 423 302 471; x_wconf 78' lang='lat' dir='ltr'>verat,</span> <span class='ocrx_word' id='word_1_18' title='bbox 332 417 480 462; x_wconf 87' lang='lat' dir='ltr'>victus</span> <span class='ocrx_word' id='word_1_19' title='bbox 506 419 610 462; x_wconf 87' lang='lat' dir='ltr'>ruit.</span> <span class='ocrx_word' id='word_1_20' title='bbox 637 419 688 460; x_wconf 91' lang='lat' dir='ltr'>In</span> <span class='ocrx_word' id='word_1_21' title='bbox 712 434 801 477; x_wconf 92' lang='lat' dir='ltr'>quo</span> <span class='ocrx_word' id='word_1_22' title='bbox 822 418 911 461; x_wconf 93' lang='lat' dir='ltr'>duo</span> <span class='ocrx_word' id='word_1_23' title='bbox 935 423 1160 472; x_wconf 79' lang='lat' dir='ltr'>constant,</span> <span class='ocrx_word' id='word_1_24' title='bbox 1185 423 1263 462; x_wconf 90' lang='lat' dir='ltr'>aut</span> <span class='ocrx_word' id='word_1_25' title='bbox 1287 434 1388 462; x_wconf 89' lang='lat' dir='ltr'>eum</span> <span class='ocrx_word' id='word_1_26' title='bbox 1413 419 1490 478; x_wconf 88' lang='lat' dir='ltr'>qui</span> <span class='ocrx_word' id='word_1_27' title='bbox 1521 419 1665 461; x_wconf 87' lang='lat' dir='ltr'>furem</span> 
     </span>
     <span class='ocr_line' id='line_1_5' title="bbox 157 486 1660 546; baseline 0 -16"><span class='ocrx_word' id='word_1_28' title='bbox 157 486 399 546; x_wconf 74' lang='lat' dir='ltr'>peJerando</span> <span class='ocrx_word' id='word_1_29' title='bbox 419 487 695 545; x_wconf 77' lang='lat' dir='ltr'>prodiderat,</span> <span class='ocrx_word' id='word_1_30' title='bbox 719 488 870 530; x_wconf 90' lang='lat' dir='ltr'>minus</span> <span class='ocrx_word' id='word_1_31' title='bbox 891 493 1011 530; x_wconf 87' lang='lat' dir='ltr'>recte</span> <span class='ocrx_word' id='word_1_32' title='bbox 1034 486 1211 542; x_wconf 87' lang='lat' dir='ltr'>secisse,</span> <span class='ocrx_word' id='word_1_33' title='bbox 1241 492 1334 540; x_wconf 87' lang='lat' dir='ltr'>aut,</span> <span class='ocrx_word' id='word_1_34' title='bbox 1368 488 1489 546; x_wconf 90' lang='lat' dir='ltr'>quod</span> <span class='ocrx_word' id='word_1_35' title='bbox 1516 488 1660 530; x_wconf 90' lang='lat' dir='ltr'>multo</span> 
     </span>
     <span class='ocr_line' id='line_1_6' title="bbox 157 555 1659 613; baseline 0 -15"><span class='ocrx_word' id='word_1_36' title='bbox 157 556 308 598; x_wconf 86' lang='lat' dir='ltr'>verius</span> <span class='ocrx_word' id='word_1_37' title='bbox 329 560 414 609; x_wconf 89' lang='lat' dir='ltr'>est,</span> <span class='ocrx_word' id='word_1_38' title='bbox 440 556 587 612; x_wconf 86' lang='lat' dir='ltr'>legem</span> <span class='ocrx_word' id='word_1_39' title='bbox 613 555 901 613; x_wconf 82' lang='lat' dir='ltr'>illegitimam</span> <span class='ocrx_word' id='word_1_40' title='bbox 930 556 1114 598; x_wconf 89' lang='lat' dir='ltr'>omnino</span> <span class='ocrx_word' id='word_1_41' title='bbox 1144 556 1354 599; x_wconf 77' lang='lat' dir='ltr'>subiisse.</span> <span class='ocrx_word' id='word_1_42' title='bbox 1394 556 1511 598; x_wconf 87' lang='lat' dir='ltr'>Huic</span> <span class='ocrx_word' id='word_1_43' title='bbox 1539 556 1659 599; x_wconf 92' lang='lat' dir='ltr'>enim</span> 
     </span>
     <span class='ocr_line' id='line_1_7' title="bbox 158 623 1661 682; baseline 0.001 -16"><span class='ocrx_word' id='word_1_44' title='bbox 158 623 249 682; x_wconf 84' lang='lat' dir='ltr'>legi</span> <span class='ocrx_word' id='word_1_45' title='bbox 284 628 455 667; x_wconf 89' lang='lat' dir='ltr'>certum</span> <span class='ocrx_word' id='word_1_46' title='bbox 504 630 573 667; x_wconf 92' lang='lat' dir='ltr'>est</span> <span class='ocrx_word' id='word_1_47' title='bbox 616 624 794 667; x_wconf 92' lang='lat' dir='ltr'>nullum</span> <span class='ocrx_word' id='word_1_48' title='bbox 842 640 1060 667; x_wconf 87' lang='lat' dir='ltr'>canonem</span> <span class='ocrx_word' id='word_1_49' title='bbox 1113 625 1397 667; x_wconf 89' lang='lat' dir='ltr'>convenisse.</span> <span class='ocrx_word' id='word_1_50' title='bbox 1465 625 1661 667; x_wconf 80' lang='lat' dir='ltr'>Victoria</span> 
     </span>
     <span class='ocr_line' id='line_1_8' title="bbox 157 692 1658 751; baseline 0 -15"><span class='ocrx_word' id='word_1_51' title='bbox 157 692 352 751; x_wconf 87' lang='lat' dir='ltr'>denique</span> <span class='ocrx_word' id='word_1_52' title='bbox 384 692 604 736; x_wconf 83' lang='lat' dir='ltr'>Ansellus</span> <span class='ocrx_word' id='word_1_53' title='bbox 643 693 782 736; x_wconf 88' lang='lat' dir='ltr'>tutior</span> <span class='ocrx_word' id='word_1_54' title='bbox 815 694 873 736; x_wconf 90' lang='lat' dir='ltr'>ad</span> <span class='ocrx_word' id='word_1_55' title='bbox 902 694 1086 736; x_wconf 91' lang='lat' dir='ltr'>tertium</span> <span class='ocrx_word' id='word_1_56' title='bbox 1119 693 1323 751; x_wconf 90' lang='lat' dir='ltr'>prorupit</span> <span class='ocrx_word' id='word_1_57' title='bbox 1352 693 1658 751; x_wconf 88' lang='lat' dir='ltr'>sacrilegium.</span> 
     </span>
     <span class='ocr_line' id='line_1_9' title="bbox 161 761 1663 820; baseline 0 -16"><span class='ocrx_word' id='word_1_58' title='bbox 161 761 279 804; x_wconf 82' lang='lat' dir='ltr'>Nam</span> <span class='ocrx_word' id='word_1_59' title='bbox 298 761 516 804; x_wconf 79' lang='lat' dir='ltr'>ineffabili</span> <span class='ocrx_word' id='word_1_60' title='bbox 541 767 798 804; x_wconf 90' lang='lat' dir='ltr'>commento</span> <span class='ocrx_word' id='word_1_61' title='bbox 812 762 1185 820; x_wconf 80' lang='lat' dir='ltr'>gazophylacium</span> <span class='ocrx_word' id='word_1_62' title='bbox 1212 762 1432 820; x_wconf 86' lang='lat' dir='ltr'>prorupit,</span> <span class='ocrx_word' id='word_1_63' title='bbox 1455 767 1499 804; x_wconf 89' lang='lat' dir='ltr'>et</span> <span class='ocrx_word' id='word_1_64' title='bbox 1513 762 1663 820; x_wconf 92' lang='lat' dir='ltr'>copio-</span> 
     </span>
     <span class='ocr_line' id='line_1_10' title="bbox 158 829 1663 889; baseline 0.001 -17"><span class='ocrx_word' id='word_1_65' title='bbox 158 829 254 873; x_wconf 83' lang='lat' dir='ltr'>sius</span> <span class='ocrx_word' id='word_1_66' title='bbox 273 845 434 873; x_wconf 85' lang='lat' dir='ltr'>aurum</span> <span class='ocrx_word' id='word_1_67' title='bbox 456 845 750 888; x_wconf 86' lang='lat' dir='ltr'>gemmasque</span> <span class='ocrx_word' id='word_1_68' title='bbox 772 831 892 873; x_wconf 87' lang='lat' dir='ltr'>tulit.</span> <span class='ocrx_word' id='word_1_69' title='bbox 919 829 1093 882; x_wconf 90' lang='lat' dir='ltr'>Quibus</span> <span class='ocrx_word' id='word_1_70' title='bbox 1115 830 1244 874; x_wconf 88' lang='lat' dir='ltr'>tultis</span> <span class='ocrx_word' id='word_1_71' title='bbox 1265 831 1293 884; x_wconf 89' lang='lat'>¹,</span> <span class='ocrx_word' id='word_1_72' title='bbox 1318 830 1544 873; x_wconf 86' lang='lat' dir='ltr'>celebrato</span> <span class='ocrx_word' id='word_1_73' title='bbox 1567 831 1663 889; x_wconf 87' lang='lat' dir='ltr'>jam</span> 
     </span>
     <span class='ocr_line' id='line_1_11' title="bbox 157 898 1661 957; baseline 0 -15"><span class='ocrx_word' id='word_1_74' title='bbox 157 898 272 942; x_wconf 84' lang='lat' dir='ltr'>sacri</span> <span class='ocrx_word' id='word_1_75' title='bbox 298 898 447 942; x_wconf 80' lang='lat' dir='ltr'>laticis</span> <span class='ocrx_word' id='word_1_76' title='bbox 467 899 653 956; x_wconf 90' lang='lat' dir='ltr'>judicio,</span> <span class='ocrx_word' id='word_1_77' title='bbox 676 899 721 941; x_wconf 92' lang='lat' dir='ltr'>in</span> <span class='ocrx_word' id='word_1_78' title='bbox 740 900 858 941; x_wconf 92' lang='lat' dir='ltr'>hunc</span> <span class='ocrx_word' id='word_1_79' title='bbox 883 915 986 941; x_wconf 92' lang='lat' dir='ltr'>cum</span> <span class='ocrx_word' id='word_1_80' title='bbox 1006 899 1109 942; x_wconf 88' lang='lat' dir='ltr'>aliis</span> <span class='ocrx_word' id='word_1_81' title='bbox 1126 899 1446 942; x_wconf 86' lang='lat' dir='ltr'>matriculariis</span> <span class='ocrx_word' id='word_1_82' title='bbox 1464 899 1661 957; x_wconf 87' lang='lat' dir='ltr'>injectus</span> 
     </span>
     <span class='ocr_line' id='line_1_12' title="bbox 155 968 1661 1026; baseline 0 -16"><span class='ocrx_word' id='word_1_83' title='bbox 155 971 239 1021; x_wconf 86' lang='lat' dir='ltr'>est,</span> <span class='ocrx_word' id='word_1_84' title='bbox 282 982 506 1026; x_wconf 84' lang='lat' dir='ltr'>superque</span> <span class='ocrx_word' id='word_1_85' title='bbox 536 968 734 1010; x_wconf 87' lang='lat' dir='ltr'>natando</span> <span class='ocrx_word' id='word_1_86' title='bbox 769 968 1021 1023; x_wconf 87' lang='lat' dir='ltr'>convictus,</span> <span class='ocrx_word' id='word_1_87' title='bbox 1049 983 1171 1021; x_wconf 14' lang='lat' dir='ltr'>,cum</span> <span class='ocrx_word' id='word_1_88' title='bbox 1203 984 1292 1026; x_wconf 93' lang='lat' dir='ltr'>quo</span> <span class='ocrx_word' id='word_1_89' title='bbox 1326 973 1370 1011; x_wconf 86' lang='lat' dir='ltr'>et</span> <span class='ocrx_word' id='word_1_90' title='bbox 1410 969 1486 1011; x_wconf 88' lang='lat' dir='ltr'>alii</span> <span class='ocrx_word' id='word_1_91' title='bbox 1524 968 1661 1026; x_wconf 88' lang='lat' dir='ltr'>primi</span> 
     </span>
     <span class='ocr_line' id='line_1_13' title="bbox 155 1035 1661 1095; baseline 0.001 -17"><span class='ocrx_word' id='word_1_92' title='bbox 155 1035 310 1080; x_wconf 81' lang='lat' dir='ltr'>damni</span> <span class='ocrx_word' id='word_1_93' title='bbox 329 1036 610 1093; x_wconf 83' lang='lat' dir='ltr'>cognitores:</span> <span class='ocrx_word' id='word_1_94' title='bbox 642 1052 835 1095; x_wconf 90' lang='lat' dir='ltr'>quorum</span> <span class='ocrx_word' id='word_1_95' title='bbox 862 1036 938 1079; x_wconf 89' lang='lat' dir='ltr'>alii</span> <span class='ocrx_word' id='word_1_96' title='bbox 969 1036 1107 1079; x_wconf 87' lang='lat' dir='ltr'>furcis</span> <span class='ocrx_word' id='word_1_97' title='bbox 1133 1036 1261 1091; x_wconf 91' lang='lat' dir='ltr'>illati,</span> <span class='ocrx_word' id='word_1_98' title='bbox 1299 1037 1398 1079; x_wconf 89' lang='lat' dir='ltr'>aliis</span> <span class='ocrx_word' id='word_1_99' title='bbox 1427 1053 1534 1079; x_wconf 82' lang='lat' dir='ltr'>vero</span> <span class='ocrx_word' id='word_1_100' title='bbox 1561 1053 1661 1095; x_wconf 92' lang='lat' dir='ltr'>par-</span> 
     </span>
     <span class='ocr_line' id='line_1_14' title="bbox 153 1105 1656 1163; baseline 0.001 -16"><span class='ocrx_word' id='word_1_101' title='bbox 153 1120 268 1147; x_wconf 90' lang='lat' dir='ltr'>sum.</span> <span class='ocrx_word' id='word_1_102' title='bbox 302 1105 345 1148; x_wconf 90' lang='lat' dir='ltr'>Is</span> <span class='ocrx_word' id='word_1_103' title='bbox 366 1105 532 1163; x_wconf 84' lang='lat' dir='ltr'>pariter</span> <span class='ocrx_word' id='word_1_104' title='bbox 552 1109 724 1148; x_wconf 86' lang='lat' dir='ltr'>tractus</span> <span class='ocrx_word' id='word_1_105' title='bbox 742 1106 934 1163; x_wconf 88' lang='lat' dir='ltr'>spondet</span> <span class='ocrx_word' id='word_1_106' title='bbox 958 1121 1005 1148; x_wconf 89' lang='lat' dir='ltr'>se</span> <span class='ocrx_word' id='word_1_107' title='bbox 1029 1105 1272 1159; x_wconf 85' lang='lat' dir='ltr'>dicturum,</span> <span class='ocrx_word' id='word_1_108' title='bbox 1298 1105 1522 1148; x_wconf 90' lang='lat' dir='ltr'>demissus</span> <span class='ocrx_word' id='word_1_109' title='bbox 1537 1105 1656 1148; x_wconf 82' lang='lat' dir='ltr'>diffi-</span> 
     </span>
     <span class='ocr_line' id='line_1_15' title="bbox 154 1174 1655 1232; baseline 0.001 -16"><span class='ocrx_word' id='word_1_110' title='bbox 154 1177 290 1216; x_wconf 86' lang='lat' dir='ltr'>tetur.</span> <span class='ocrx_word' id='word_1_111' title='bbox 327 1174 534 1217; x_wconf 88' lang='lat' dir='ltr'>Secundo</span> <span class='ocrx_word' id='word_1_112' title='bbox 568 1178 752 1216; x_wconf 86' lang='lat' dir='ltr'>evectus</span> <span class='ocrx_word' id='word_1_113' title='bbox 779 1174 825 1216; x_wconf 93' lang='lat' dir='ltr'>in</span> <span class='ocrx_word' id='word_1_114' title='bbox 855 1174 1045 1227; x_wconf 86' lang='lat' dir='ltr'>furcam,</span> <span class='ocrx_word' id='word_1_115' title='bbox 1083 1174 1271 1232; x_wconf 85' lang='lat' dir='ltr'>prodere</span> <span class='ocrx_word' id='word_1_116' title='bbox 1304 1190 1400 1217; x_wconf 90' lang='lat' dir='ltr'>rem</span> <span class='ocrx_word' id='word_1_117' title='bbox 1437 1190 1484 1217; x_wconf 88' lang='lat' dir='ltr'>se</span> <span class='ocrx_word' id='word_1_118' title='bbox 1517 1174 1655 1232; x_wconf 86' lang='lat' dir='ltr'>jurat.</span> 
     </span>
     <span class='ocr_line' id='line_1_16' title="bbox 157 1242 1655 1302; baseline 0.001 -18"><span class='ocrx_word' id='word_1_119' title='bbox 157 1242 394 1286; x_wconf 86' lang='lat' dir='ltr'>Remissus</span> <span class='ocrx_word' id='word_1_120' title='bbox 414 1242 506 1286; x_wconf 85' lang='lat' dir='ltr'>ait:</span> <span class='ocrx_word' id='word_1_121' title='bbox 537 1261 557 1282; x_wconf 95' lang='lat'>«</span> <span class='ocrx_word' id='word_1_122' title='bbox 580 1242 685 1285; x_wconf 90' lang='lat' dir='ltr'>Sine</span> <span class='ocrx_word' id='word_1_123' title='bbox 711 1243 897 1300; x_wconf 79' lang='lat' dir='ltr'>praemio</span> <span class='ocrx_word' id='word_1_124' title='bbox 916 1243 1029 1284; x_wconf 89' lang='lat' dir='ltr'>nihil</span> <span class='ocrx_word' id='word_1_125' title='bbox 1057 1243 1234 1286; x_wconf 86' lang='lat' dir='ltr'>faciam.</span> <span class='ocrx_word' id='word_1_126' title='bbox 1268 1269 1325 1274; x_wconf 94' lang='lat'>——</span> <span class='ocrx_word' id='word_1_127' title='bbox 1352 1243 1655 1302; x_wconf 90' lang='lat' dir='ltr'>Appenderis,</span> 
     </span>
     <span class='ocr_line' id='line_1_17' title="bbox 154 1310 1658 1370; baseline 0.001 -17"><span class='ocrx_word' id='word_1_128' title='bbox 154 1310 385 1370; x_wconf 87' lang='lat' dir='ltr'>inquiunt.</span> <span class='ocrx_word' id='word_1_129' title='bbox 411 1337 471 1342; x_wconf 89' lang='lat'>——</span> <span class='ocrx_word' id='word_1_130' title='bbox 494 1311 554 1354; x_wconf 85' lang='lat' dir='ltr'>Et</span> <span class='ocrx_word' id='word_1_131' title='bbox 575 1327 658 1353; x_wconf 92' lang='lat' dir='ltr'>vos</span> <span class='ocrx_word' id='word_1_132' title='bbox 681 1311 744 1353; x_wconf 92' lang='lat' dir='ltr'>nil</span> <span class='ocrx_word' id='word_1_133' title='bbox 765 1319 784 1338; x_wconf 61' lang='grc' dir='ltr'><strong><em>ἃ</em></strong></span> <span class='ocrx_word' id='word_1_134' title='bbox 805 1311 1047 1364; x_wconf 88' lang='lat' dir='ltr'>habebitis,</span> <span class='ocrx_word' id='word_1_135' title='bbox 1084 1331 1103 1350; x_wconf 88' lang='lat'>»</span> <span class='ocrx_word' id='word_1_136' title='bbox 1131 1311 1208 1354; x_wconf 87' lang='lat' dir='ltr'>ait.</span> <span class='ocrx_word' id='word_1_137' title='bbox 1251 1312 1372 1354; x_wconf 85' lang='lat' dir='ltr'>Inter</span> <span class='ocrx_word' id='word_1_138' title='bbox 1398 1312 1492 1354; x_wconf 86' lang='lat' dir='ltr'>haec</span> <span class='ocrx_word' id='word_1_139' title='bbox 1521 1312 1658 1354; x_wconf 90' lang='lat' dir='ltr'>Nico-</span> 
     </span>
     <span class='ocr_line' id='line_1_18' title="bbox 155 1379 1658 1434; baseline 0.001 -12"><span class='ocrx_word' id='word_1_140' title='bbox 155 1379 279 1422; x_wconf 84' lang='lat' dir='ltr'>laum</span> <span class='ocrx_word' id='word_1_141' title='bbox 300 1380 615 1434; x_wconf 87' lang='lat' dir='ltr'>castellanum,</span> <span class='ocrx_word' id='word_1_142' title='bbox 646 1379 899 1422; x_wconf 90' lang='lat' dir='ltr'>Guinimari</span> <span class='ocrx_word' id='word_1_143' title='bbox 923 1380 1068 1422; x_wconf 85' lang='lat' dir='ltr'>filium</span> <span class='ocrx_word' id='word_1_144' title='bbox 1087 1381 1119 1432; x_wconf 71' lang='lat'>2,</span> <span class='ocrx_word' id='word_1_145' title='bbox 1145 1380 1480 1422; x_wconf 80' lang='lat' dir='ltr'>adolescentem</span> <span class='ocrx_word' id='word_1_146' title='bbox 1504 1381 1658 1423; x_wconf 88' lang='lat' dir='ltr'>claris-</span> 
     </span>
     <span class='ocr_line' id='line_1_19' title="bbox 155 1448 1657 1506; baseline 0.001 -16"><span class='ocrx_word' id='word_1_147' title='bbox 155 1448 339 1502; x_wconf 89' lang='lat' dir='ltr'>simum,</span> <span class='ocrx_word' id='word_1_148' title='bbox 369 1448 559 1491; x_wconf 70' lang='lat' dir='ltr'>infinitis</span> <span class='ocrx_word' id='word_1_149' title='bbox 585 1448 871 1506; x_wconf 84' lang='lat' dir='ltr'>jaculabatur</span> <span class='ocrx_word' id='word_1_150' title='bbox 905 1449 1138 1501; x_wconf 87' lang='lat' dir='ltr'>conviciis,</span> <span class='ocrx_word' id='word_1_151' title='bbox 1169 1449 1297 1506; x_wconf 89' lang='lat' dir='ltr'>cujus</span> <span class='ocrx_word' id='word_1_152' title='bbox 1327 1449 1536 1491; x_wconf 91' lang='lat' dir='ltr'>manibus</span> <span class='ocrx_word' id='word_1_153' title='bbox 1563 1449 1657 1492; x_wconf 86' lang='lat' dir='ltr'>haec</span> 
     </span>
     <span class='ocr_line' id='line_1_20' title="bbox 153 1515 1658 1576; baseline 0.001 -17"><span class='ocrx_word' id='word_1_154' title='bbox 153 1515 338 1560; x_wconf 82' lang='lat' dir='ltr'>fiebant.</span> <span class='ocrx_word' id='word_1_155' title='bbox 373 1516 638 1560; x_wconf 88' lang='lat' dir='ltr'>Consulitur</span> <span class='ocrx_word' id='word_1_156' title='bbox 672 1517 943 1575; x_wconf 82' lang='lat' dir='ltr'>episcopus3</span> <span class='ocrx_word' id='word_1_157' title='bbox 976 1522 1020 1560; x_wconf 90' lang='lat' dir='ltr'>et</span> <span class='ocrx_word' id='word_1_158' title='bbox 1045 1518 1261 1575; x_wconf 87' lang='lat' dir='ltr'>magister</span> <span class='ocrx_word' id='word_1_159' title='bbox 1288 1517 1523 1571; x_wconf 81' lang='lat' dir='ltr'>Ansellus‚</span> <span class='ocrx_word' id='word_1_160' title='bbox 1547 1518 1658 1576; x_wconf 89' lang='lat' dir='ltr'>quid</span> 
     </span>
     <span class='ocr_line' id='line_1_21' title="bbox 153 1584 1654 1644; baseline 0 -16"><span class='ocrx_word' id='word_1_161' title='bbox 153 1584 271 1629; x_wconf 82' lang='lat' dir='ltr'>facto</span> <span class='ocrx_word' id='word_1_162' title='bbox 297 1590 519 1644; x_wconf 88' lang='lat' dir='ltr'>oporteat.</span> <span class='ocrx_word' id='word_1_163' title='bbox 552 1604 572 1625; x_wconf 90' lang='lat'>«</span> <span class='ocrx_word' id='word_1_164' title='bbox 600 1585 766 1628; x_wconf 90' lang='lat' dir='ltr'>Melius</span> <span class='ocrx_word' id='word_1_165' title='bbox 789 1591 876 1639; x_wconf 90' lang='lat' dir='ltr'>est,</span> <span class='ocrx_word' id='word_1_166' title='bbox 900 1586 1043 1639; x_wconf 88' lang='lat' dir='ltr'>aiunt,</span> <span class='ocrx_word' id='word_1_167' title='bbox 1083 1591 1133 1628; x_wconf 89' lang='lat' dir='ltr'>ut</span> <span class='ocrx_word' id='word_1_168' title='bbox 1168 1586 1357 1644; x_wconf 87' lang='lat' dir='ltr'>pecunia</span> <span class='ocrx_word' id='word_1_169' title='bbox 1390 1586 1475 1628; x_wconf 93' lang='lat' dir='ltr'>sibi</span> <span class='ocrx_word' id='word_1_170' title='bbox 1507 1586 1654 1640; x_wconf 85' lang='lat' dir='ltr'>detur,</span> 
     </span>
     <span class='ocr_line' id='line_1_22' title="bbox 151 1654 1657 1713; baseline 0 -16"><span class='ocrx_word' id='word_1_171' title='bbox 151 1669 288 1712; x_wconf 88' lang='lat' dir='ltr'>quam</span> <span class='ocrx_word' id='word_1_172' title='bbox 309 1658 436 1697; x_wconf 85' lang='lat' dir='ltr'>tanta</span> <span class='ocrx_word' id='word_1_173' title='bbox 464 1654 561 1697; x_wconf 86' lang='lat' dir='ltr'>auri</span> <span class='ocrx_word' id='word_1_174' title='bbox 591 1655 820 1712; x_wconf 82' lang='lat' dir='ltr'>quantitas</span> <span class='ocrx_word' id='word_1_175' title='bbox 847 1655 1094 1699; x_wconf 84' lang='lat' dir='ltr'>amittatur.</span> <span class='ocrx_word' id='word_1_176' title='bbox 1127 1672 1148 1695; x_wconf 88' lang='lat'>»</span> <span class='ocrx_word' id='word_1_177' title='bbox 1187 1655 1312 1697; x_wconf 88' lang='lat' dir='ltr'>Pacti</span> <span class='ocrx_word' id='word_1_178' title='bbox 1345 1670 1451 1713; x_wconf 91' lang='lat' dir='ltr'>ergo</span> <span class='ocrx_word' id='word_1_179' title='bbox 1483 1655 1522 1697; x_wconf 89' lang='lat' dir='ltr'>ei</span> <span class='ocrx_word' id='word_1_180' title='bbox 1549 1660 1657 1698; x_wconf 89' lang='lat' dir='ltr'>sunt</span> 
     </span>
     <span class='ocr_line' id='line_1_23' title="bbox 138 1722 1654 1782; baseline 0.001 -18"><span class='ocrx_word' id='word_1_181' title='bbox 138 1722 424 1782; x_wconf 69' lang='lat' dir='ltr'>‚quingentos</span> <span class='ocrx_word' id='word_1_182' title='bbox 460 1722 598 1766; x_wconf 86' lang='lat' dir='ltr'>ferme</span> <span class='ocrx_word' id='word_1_183' title='bbox 637 1723 823 1766; x_wconf 90' lang='lat' dir='ltr'>solidos.</span> <span class='ocrx_word' id='word_1_184' title='bbox 870 1722 1045 1775; x_wconf 88' lang='lat' dir='ltr'>Quibus</span> <span class='ocrx_word' id='word_1_185' title='bbox 1075 1723 1272 1781; x_wconf 89' lang='lat' dir='ltr'>sponsis,</span> <span class='ocrx_word' id='word_1_186' title='bbox 1310 1724 1506 1767; x_wconf 76' lang='lat' dir='ltr'>multum·</span> <span class='ocrx_word' id='word_1_187' title='bbox 1533 1724 1654 1782; x_wconf 91' lang='lat' dir='ltr'>quod</span> 
     </span>
     <span class='ocr_line' id='line_1_24' title="bbox 148 1791 1651 1835; baseline 0 -1"><span class='ocrx_word' id='word_1_188' title='bbox 148 1791 195 1834; x_wconf 85' lang='lat' dir='ltr'>in</span> <span class='ocrx_word' id='word_1_189' title='bbox 222 1791 353 1834; x_wconf 85' lang='lat' dir='ltr'>vinea</span> <span class='ocrx_word' id='word_1_190' title='bbox 372 1807 452 1834; x_wconf 89' lang='lat' dir='ltr'>sua</span> <span class='ocrx_word' id='word_1_191' title='bbox 477 1791 740 1835; x_wconf 89' lang='lat' dir='ltr'>condiderat</span> <span class='ocrx_word' id='word_1_192' title='bbox 766 1792 964 1834; x_wconf 83' lang='lat' dir='ltr'>restituit</span> <span class='ocrx_word' id='word_1_193' title='bbox 988 1807 1162 1835; x_wconf 89' lang='lat' dir='ltr'>aurum.</span> <span class='ocrx_word' id='word_1_194' title='bbox 1199 1791 1435 1835; x_wconf 87' lang='lat' dir='ltr'>Pollicitus</span> <span class='ocrx_word' id='word_1_195' title='bbox 1471 1808 1577 1834; x_wconf 90' lang='lat' dir='ltr'>vero</span> <span class='ocrx_word' id='word_1_196' title='bbox 1605 1808 1651 1835; x_wconf 89' lang='lat' dir='ltr'>se</span> 
     </span>
     <span class='ocr_line' id='line_1_25' title="bbox 148 1859 1652 1919; baseline 0 -16"><span class='ocrx_word' id='word_1_197' title='bbox 148 1860 204 1903; x_wconf 83' lang='lat' dir='ltr'>de</span> <span class='ocrx_word' id='word_1_198' title='bbox 221 1859 367 1918; x_wconf 81' lang='lat' dir='ltr'>patria</span> <span class='ocrx_word' id='word_1_199' title='bbox 400 1875 681 1903; x_wconf 88' lang='lat' dir='ltr'>recessurum</span> <span class='ocrx_word' id='word_1_200' title='bbox 715 1860 877 1914; x_wconf 87' lang='lat' dir='ltr'>fuerat,</span> <span class='ocrx_word' id='word_1_201' title='bbox 910 1860 1047 1919; x_wconf 84' lang='lat' dir='ltr'>trium</span> <span class='ocrx_word' id='word_1_202' title='bbox 1078 1866 1230 1904; x_wconf 88' lang='lat' dir='ltr'>autem</span> <span class='ocrx_word' id='word_1_203' title='bbox 1259 1861 1300 1903; x_wconf 89' lang='lat' dir='ltr'>ei</span> <span class='ocrx_word' id='word_1_204' title='bbox 1326 1861 1501 1903; x_wconf 90' lang='lat' dir='ltr'>dierum</span> <span class='ocrx_word' id='word_1_205' title='bbox 1527 1876 1652 1903; x_wconf 88' lang='lat' dir='ltr'>com-</span> 
     </span>
     <span class='ocr_line' id='line_1_26' title="bbox 148 1928 1649 1988; baseline 0.001 -17"><span class='ocrx_word' id='word_1_206' title='bbox 148 1933 349 1974; x_wconf 83' lang='lat' dir='ltr'>meatum</span> <span class='ocrx_word' id='word_1_207' title='bbox 381 1929 622 1987; x_wconf 88' lang='lat' dir='ltr'>episcopus</span> <span class='ocrx_word' id='word_1_208' title='bbox 654 1929 975 1987; x_wconf 87' lang='lat' dir='ltr'>spoponderat.</span> <span class='ocrx_word' id='word_1_209' title='bbox 1014 1928 1063 1971; x_wconf 90' lang='lat' dir='ltr'>In</span> <span class='ocrx_word' id='word_1_210' title='bbox 1093 1945 1182 1988; x_wconf 93' lang='lat' dir='ltr'>quo</span> <span class='ocrx_word' id='word_1_211' title='bbox 1218 1930 1363 1987; x_wconf 89' lang='lat' dir='ltr'>spatio</span> <span class='ocrx_word' id='word_1_212' title='bbox 1393 1945 1496 1972; x_wconf 89' lang='lat' dir='ltr'>cum</span> <span class='ocrx_word' id='word_1_213' title='bbox 1532 1929 1649 1972; x_wconf 86' lang='lat' dir='ltr'>elabi</span> 
     </span>
     <span class='ocr_line' id='line_1_27' title="bbox 147 1997 1649 2056; baseline 0.001 -16"><span class='ocrx_word' id='word_1_214' title='bbox 147 1997 266 2040; x_wconf 85' lang='lat' dir='ltr'>clam</span> <span class='ocrx_word' id='word_1_215' title='bbox 287 1997 440 2051; x_wconf 85' lang='lat' dir='ltr'>vellet,</span> <span class='ocrx_word' id='word_1_216' title='bbox 470 2002 514 2040; x_wconf 90' lang='lat' dir='ltr'>et</span> <span class='ocrx_word' id='word_1_217' title='bbox 533 1997 772 2040; x_wconf 86' lang='lat' dir='ltr'>universos</span> <span class='ocrx_word' id='word_1_218' title='bbox 800 1997 925 2040; x_wconf 91' lang='lat' dir='ltr'>urbis</span> <span class='ocrx_word' id='word_1_219' title='bbox 956 1998 1098 2055; x_wconf 91' lang='lat' dir='ltr'>ipsius</span> <span class='ocrx_word' id='word_1_220' title='bbox 1130 1998 1389 2056; x_wconf 88' lang='lat' dir='ltr'>provideret</span> <span class='ocrx_word' id='word_1_221' title='bbox 1421 2014 1649 2055; x_wconf 85' lang='lat' dir='ltr'>egressuS,</span> 
     </span>
     <span class='ocr_line' id='line_1_28' title="bbox 146 2065 1653 2125; baseline 0.001 -17"><span class='ocrx_word' id='word_1_222' title='bbox 146 2065 256 2108; x_wconf 81' lang='lat' dir='ltr'>villa</span> <span class='ocrx_word' id='word_1_223' title='bbox 276 2082 366 2109; x_wconf 89' lang='lat' dir='ltr'>non</span> <span class='ocrx_word' id='word_1_224' title='bbox 381 2065 402 2093; x_wconf 76' lang='lat'>¹²</span> <span class='ocrx_word' id='word_1_225' title='bbox 416 2082 470 2108; x_wconf 90' lang='lat' dir='ltr'>ex</span> <span class='ocrx_word' id='word_1_226' title='bbox 484 2072 610 2124; x_wconf 87' lang='lat' dir='ltr'>perte</span> <span class='ocrx_word' id='word_1_227' title='bbox 625 2074 641 2093; x_wconf 75' lang='lat'>⁰</span> <span class='ocrx_word' id='word_1_228' title='bbox 667 2065 705 2124; x_wconf 88' lang='lat' dir='ltr'>ej</span> <span class='ocrx_word' id='word_1_229' title='bbox 714 2082 765 2108; x_wconf 92' lang='lat' dir='ltr'>us</span> <span class='ocrx_word' id='word_1_230' title='bbox 775 2066 1017 2123; x_wconf 82' lang='lat' dir='ltr'>grandium</span> <span class='ocrx_word' id='word_1_231' title='bbox 1031 2067 1269 2109; x_wconf 87' lang='lat' dir='ltr'>fluminum</span> <span class='ocrx_word' id='word_1_232' title='bbox 1282 2067 1453 2125; x_wconf 90' lang='lat' dir='ltr'>species</span> <span class='ocrx_word' id='word_1_233' title='bbox 1466 2083 1653 2125; x_wconf 91' lang='lat' dir='ltr'>appare-</span> 
     </span>
     <span class='ocr_line' id='line_1_29' title="bbox 146 2126 1650 2194; baseline 0.001 -18"><span class='ocrx_word' id='word_1_234' title='bbox 146 2133 273 2188; x_wconf 86' lang='lat' dir='ltr'>bant,</span> <span class='ocrx_word' id='word_1_235' title='bbox 314 2150 415 2194; x_wconf 80' lang='lat' dir='ltr'>quae</span> <span class='ocrx_word' id='word_1_236' title='bbox 451 2150 553 2177; x_wconf 87' lang='lat' dir='ltr'>eum</span> <span class='ocrx_word' id='word_1_237' title='bbox 599 2135 807 2193; x_wconf 86' lang='lat' dir='ltr'>progredi</span> <span class='ocrx_word' id='word_1_238' title='bbox 848 2126 1031 2177; x_wconf 85' lang='lat' dir='ltr'>omnino</span> <span class='ocrx_word' id='word_1_239' title='bbox 1068 2135 1298 2178; x_wconf 81' lang='lat' dir='ltr'>vetabant.</span> <span class='ocrx_word' id='word_1_240' title='bbox 1352 2136 1510 2179; x_wconf 88' lang='lat' dir='ltr'>Palam</span> <span class='ocrx_word' id='word_1_241' title='bbox 1542 2151 1650 2193; x_wconf 89' lang='lat' dir='ltr'>ergo</span> 
     </span>
     <span class='ocr_line' id='line_1_30' title="bbox 145 2202 1652 2247; baseline 0 -2"><span class='ocrx_word' id='word_1_242' title='bbox 145 2202 278 2246; x_wconf 91' lang='lat' dir='ltr'>illum</span> <span class='ocrx_word' id='word_1_243' title='bbox 300 2203 507 2246; x_wconf 88' lang='lat' dir='ltr'>recedere</span> <span class='ocrx_word' id='word_1_244' title='bbox 534 2203 630 2246; x_wconf 90' lang='lat' dir='ltr'>sine</span> <span class='ocrx_word' id='word_1_245' title='bbox 658 2203 752 2246; x_wconf 96' lang='lat' dir='ltr'>ullo</span> <span class='ocrx_word' id='word_1_246' title='bbox 786 2204 906 2245; x_wconf 84' lang='lat' dir='ltr'>furto</span> <span class='ocrx_word' id='word_1_247' title='bbox 941 2204 1010 2245; x_wconf 91' lang='lat' dir='ltr'>sui</span> <span class='ocrx_word' id='word_1_248' title='bbox 1036 2203 1210 2246; x_wconf 83' lang='lat' dir='ltr'>fructus</span> <span class='ocrx_word' id='word_1_249' title='bbox 1234 2204 1327 2247; x_wconf 79' lang='lat' dir='ltr'>haec</span> <span class='ocrx_word' id='word_1_250' title='bbox 1361 2204 1652 2246; x_wconf 86' lang='lat' dir='ltr'>invisibiliter</span> 
     </span>
     <span class='ocr_line' id='line_1_31' title="bbox 145 2266 1644 2330; baseline 0.001 -16"><span class='ocrx_word' id='word_1_251' title='bbox 145 2270 232 2314; x_wconf 91' lang='lat' dir='ltr'>sibi</span> <span class='ocrx_word' id='word_1_252' title='bbox 245 2272 475 2330; x_wconf 88' lang='lat' dir='ltr'>proposita</span> <span class='ocrx_word' id='word_1_253' title='bbox 496 2273 665 2315; x_wconf 77' lang='lat' dir='ltr'>fluenta</span> <span class='ocrx_word' id='word_1_254' title='bbox 682 2272 922 2330; x_wconf 85' lang='lat' dir='ltr'>cogebant.</span> <span class='ocrx_word' id='word_1_255' title='bbox 947 2272 1046 2324; x_wconf 90' lang='lat' dir='ltr'>Quo</span> <span class='ocrx_word' id='word_1_256' title='bbox 1064 2288 1166 2315; x_wconf 84' lang='lat' dir='ltr'>cum</span> <span class='ocrx_word' id='word_1_257' title='bbox 1186 2279 1374 2315; x_wconf 91' lang='lat' dir='ltr'>ventum</span> <span class='ocrx_word' id='word_1_258' title='bbox 1389 2272 1519 2326; x_wconf 86' lang='lat' dir='ltr'>foret,</span> <span class='ocrx_word' id='word_1_259' title='bbox 1537 2278 1582 2315; x_wconf 89' lang='lat' dir='ltr'>et</span> <span class='ocrx_word' id='word_1_260' title='bbox 1597 2266 1644 2315; x_wconf 85' lang='lat' dir='ltr'>se</span> 
     </span>
     <span class='ocr_line' id='line_1_32' title="bbox 142 2340 1642 2400; baseline 0.001 -18"><span class='ocrx_word' id='word_1_261' title='bbox 142 2340 262 2383; x_wconf 91' lang='lat' dir='ltr'>nolle</span> <span class='ocrx_word' id='word_1_262' title='bbox 313 2341 535 2391; x_wconf 86' lang='lat' dir='ltr'>recedere,</span> <span class='ocrx_word' id='word_1_263' title='bbox 593 2341 798 2400; x_wconf 80' lang='lat' dir='ltr'>quaedam</span> <span class='ocrx_word' id='word_1_264' title='bbox 849 2340 1146 2383; x_wconf 88' lang='lat' dir='ltr'>furiosissima</span> <span class='ocrx_word' id='word_1_265' title='bbox 1200 2341 1407 2400; x_wconf 86' lang='lat' dir='ltr'>loquens,</span> <span class='ocrx_word' id='word_1_266' title='bbox 1458 2342 1642 2394; x_wconf 87' lang='lat' dir='ltr'>diceret,</span> 
     </span>
    </p>
   </div>
   <div class='ocr_carea' id='block_1_4' title="bbox 181 2449 1471 2495">
    <p class='ocr_par' dir='ltr' id='par_1_4' title="bbox 181 2449 1471 2495">
     <span class='ocr_line' id='line_1_33' title="bbox 181 2449 1471 2495; baseline 0.002 -12"><span class='ocrx_word' id='word_1_267' title='bbox 181 2462 214 2483; x_wconf 75' lang='lat' dir='ltr'>a.</span> <span class='ocrx_word' id='word_1_268' title='bbox 236 2451 331 2484; x_wconf 89' lang='lat' dir='ltr'>nihil</span> <span class='ocrx_word' id='word_1_269' title='bbox 348 2453 392 2484; x_wconf 89' lang='lat' dir='ltr'>D.</span> <span class='ocrx_word' id='word_1_270' title='bbox 413 2471 452 2475; x_wconf 91' lang='lat'><em>-</em></span> <span class='ocrx_word' id='word_1_271' title='bbox 472 2449 507 2484; x_wconf 83' lang='lat' dir='ltr'>b.</span> <span class='ocrx_word' id='word_1_272' title='bbox 532 2463 685 2494; x_wconf 76' lang='lat' dir='ltr'>manquc</span> <span class='ocrx_word' id='word_1_273' title='bbox 705 2453 748 2485; x_wconf 90' lang='lat' dir='ltr'>D.</span> <span class='ocrx_word' id='word_1_274' title='bbox 771 2471 811 2476; x_wconf 92' lang='lat'>—</span> <span class='ocrx_word' id='word_1_275' title='bbox 831 2463 861 2484; x_wconf 88' lang='lat' dir='ltr'>c.</span> <span class='ocrx_word' id='word_1_276' title='bbox 882 2463 925 2485; x_wconf 74' lang='lat' dir='ltr'>ea:</span> <span class='ocrx_word' id='word_1_277' title='bbox 942 2455 1047 2495; x_wconf 80' lang='lat' dir='ltr'>parte</span> <span class='ocrx_word' id='word_1_278' title='bbox 1064 2454 1107 2485; x_wconf 87' lang='lat' dir='ltr'>l).</span> <span class='ocrx_word' id='word_1_279' title='bbox 1129 2453 1242 2485; x_wconf 85' lang='lat' dir='ltr'>Texte</span> <span class='ocrx_word' id='word_1_280' title='bbox 1264 2465 1471 2495; x_wconf 88' lang='lat' dir='ltr'>corrompu.</span> 
     </span>
    </p>
   </div>
   <div class='ocr_carea' id='block_1_5' title="bbox 141 2619 1647 2871">
    <p class='ocr_par' dir='ltr' id='par_1_5' title="bbox 144 2619 1646 2704">
     <span class='ocr_line' id='line_1_34' title="bbox 167 2619 1646 2663; baseline -0.001 -13"><span class='ocrx_word' id='word_1_281' title='bbox 167 2621 212 2660; x_wconf 33' lang='grc'>,1.</span> <span class='ocrx_word' id='word_1_282' title='bbox 238 2619 289 2651; x_wconf 86' lang='lat' dir='ltr'>En</span> <span class='ocrx_word' id='word_1_283' title='bbox 308 2623 457 2662; x_wconf 80' lang='lat' dir='ltr'>rapport</span> <span class='ocrx_word' id='word_1_284' title='bbox 481 2631 568 2652; x_wconf 82' lang='lat' dir='ltr'>avec</span> <span class='ocrx_word' id='word_1_285' title='bbox 591 2620 691 2652; x_wconf 78' lang='lat' dir='ltr'>tollo.</span> <span class='ocrx_word' id='word_1_286' title='bbox 712 2621 897 2652; x_wconf 85' lang='lat' dir='ltr'>Plusicurs</span> <span class='ocrx_word' id='word_1_287' title='bbox 915 2623 1099 2662; x_wconf 82' lang='lat' dir='ltr'>exemples</span> <span class='ocrx_word' id='word_1_288' title='bbox 1122 2625 1206 2653; x_wconf 84' lang='lat' dir='ltr'>sont</span> <span class='ocrx_word' id='word_1_289' title='bbox 1223 2622 1362 2653; x_wconf 74' lang='lat' dir='ltr'>donnes</span> <span class='ocrx_word' id='word_1_290' title='bbox 1380 2632 1445 2663; x_wconf 90' lang='lat' dir='ltr'>par</span> <span class='ocrx_word' id='word_1_291' title='bbox 1462 2622 1646 2662; x_wconf 67' lang='lat' dir='ltr'>Ducangc,</span> 
     </span>
     <span class='ocr_line' id='line_1_35' title="bbox 144 2661 790 2704; baseline 0.003 -12"><span class='ocrx_word' id='word_1_292' title='bbox 144 2661 383 2699; x_wconf 74' lang='lat' dir='ltr'>Glossarium,</span> <span class='ocrx_word' id='word_1_293' title='bbox 403 2664 428 2694; x_wconf 89' lang='lat' dir='ltr'>t.</span> <span class='ocrx_word' id='word_1_294' title='bbox 442 2662 503 2700; x_wconf 69' lang='lat' dir='ltr'>VI,</span> <span class='ocrx_word' id='word_1_295' title='bbox 525 2673 560 2704; x_wconf 88' lang='lat' dir='ltr'>p.</span> <span class='ocrx_word' id='word_1_296' title='bbox 580 2666 652 2696; x_wconf 84' lang='lat'>662.</span> <span class='ocrx_word' id='word_1_297' title='bbox 671 2663 740 2694; x_wconf 85' lang='lat' dir='ltr'>col.</span> <span class='ocrx_word' id='word_1_298' title='bbox 761 2666 790 2693; x_wconf 84' lang='lat'>3.</span> 
     </span>
    </p>

    <p class='ocr_par' dir='ltr' id='par_1_6' title="bbox 141 2702 1647 2830">
     <span class='ocr_line' id='line_1_36' title="bbox 182 2702 1647 2746; baseline 0.001 -12"><span class='ocrx_word' id='word_1_299' title='bbox 182 2707 212 2734; x_wconf 79' lang='lat'>2.</span> <span class='ocrx_word' id='word_1_300' title='bbox 236 2702 279 2735; x_wconf 84' lang='lat' dir='ltr'>Je</span> <span class='ocrx_word' id='word_1_301' title='bbox 297 2702 365 2735; x_wconf 84' lang='lat' dir='ltr'>n&#39;ai</span> <span class='ocrx_word' id='word_1_302' title='bbox 382 2714 447 2745; x_wconf 83' lang='lat' dir='ltr'>pas</span> <span class='ocrx_word' id='word_1_303' title='bbox 465 2704 636 2735; x_wconf 74' lang='lat' dir='ltr'>reti-ouve</span> <span class='ocrx_word' id='word_1_304' title='bbox 651 2705 740 2736; x_wconf 81' lang='lat' dir='ltr'>dans</span> <span class='ocrx_word' id='word_1_305' title='bbox 755 2706 807 2736; x_wconf 84' lang='lat' dir='ltr'>les</span> <span class='ocrx_word' id='word_1_306' title='bbox 825 2704 967 2737; x_wconf 73' lang='lat' dir='ltr'>chart-es</span> <span class='ocrx_word' id='word_1_307' title='bbox 985 2706 1017 2736; x_wconf 80' lang='lat' dir='ltr'>la</span> <span class='ocrx_word' id='word_1_308' title='bbox 1033 2706 1277 2746; x_wconf 83' lang='lat' dir='ltr'>souscription</span> <span class='ocrx_word' id='word_1_309' title='bbox 1294 2706 1337 2737; x_wconf 89' lang='lat' dir='ltr'>de</span> <span class='ocrx_word' id='word_1_310' title='bbox 1353 2716 1393 2737; x_wconf 87' lang='lat' dir='ltr'>cc</span> <span class='ocrx_word' id='word_1_311' title='bbox 1406 2715 1647 2746; x_wconf 73' lang='lat' dir='ltr'>personnagc·-</span> 
     </span>
     <span class='ocr_line' id='line_1_37' title="bbox 142 2743 1645 2788; baseline 0.001 -12"><span class='ocrx_word' id='word_1_312' title='bbox 142 2743 194 2776; x_wconf 85' lang='lat' dir='ltr'>En</span> <span class='ocrx_word' id='word_1_313' title='bbox 219 2747 311 2783; x_wconf 83' lang='lat'>1120,</span> <span class='ocrx_word' id='word_1_314' title='bbox 331 2746 421 2777; x_wconf 80' lang='lat' dir='ltr'>dans</span> <span class='ocrx_word' id='word_1_315' title='bbox 440 2756 508 2778; x_wconf 87' lang='lat' dir='ltr'>une</span> <span class='ocrx_word' id='word_1_316' title='bbox 529 2746 651 2778; x_wconf 78' lang='lat' dir='ltr'>charte</span> <span class='ocrx_word' id='word_1_317' title='bbox 669 2746 712 2777; x_wconf 89' lang='lat' dir='ltr'>de</span> <span class='ocrx_word' id='word_1_318' title='bbox 739 2746 983 2788; x_wconf 73' lang='lat' dir='ltr'>l3a1·thelemy‚</span> <span class='ocrx_word' id='word_1_319' title='bbox 1003 2747 1139 2788; x_wconf 72' lang='lat' dir='ltr'>cchuc</span> <span class='ocrx_word' id='word_1_320' title='bbox 1156 2747 1198 2778; x_wconf 92' lang='lat' dir='ltr'>dc</span> <span class='ocrx_word' id='word_1_321' title='bbox 1225 2748 1334 2783; x_wconf 77' lang='lat' dir='ltr'>Laon,</span> <span class='ocrx_word' id='word_1_322' title='bbox 1355 2748 1379 2779; x_wconf 85' lang='lat' dir='ltr'>il</span> <span class='ocrx_word' id='word_1_323' title='bbox 1398 2750 1456 2779; x_wconf 87' lang='lat' dir='ltr'>cst</span> <span class='ocrx_word' id='word_1_324' title='bbox 1476 2748 1645 2788; x_wconf 85' lang='lat' dir='ltr'>quest-ion</span> 
     </span>
     <span class='ocr_line' id='line_1_38' title="bbox 141 2786 1433 2830; baseline 0.002 -12"><span class='ocrx_word' id='word_1_325' title='bbox 141 2786 189 2818; x_wconf 88' lang='lat' dir='ltr'>du</span> <span class='ocrx_word' id='word_1_326' title='bbox 206 2787 348 2819; x_wconf 80' lang='lat' dir='ltr'>vidame</span> <span class='ocrx_word' id='word_1_327' title='bbox 363 2787 488 2819; x_wconf 84' lang='lat' dir='ltr'>Elbert</span> <span class='ocrx_word' id='word_1_328' title='bbox 506 2788 576 2828; x_wconf 79' lang='lat' dir='ltr'>(Du</span> <span class='ocrx_word' id='word_1_329' title='bbox 593 2788 740 2822; x_wconf 83' lang='lat' dir='ltr'>Plcssis.</span> <span class='ocrx_word' id='word_1_330' title='bbox 763 2788 826 2819; x_wconf 76' lang='lat' dir='ltr'>loc.</span> <span class='ocrx_word' id='word_1_331' title='bbox 844 2788 918 2826; x_wconf 83' lang='lat' dir='ltr'>cil.,</span> <span class='ocrx_word' id='word_1_332' title='bbox 941 2788 977 2819; x_wconf 79' lang='grc' dir='ltr'>Ρ.</span> <span class='ocrx_word' id='word_1_333' title='bbox 997 2789 1043 2825; x_wconf 74' lang='grc' dir='ltr'>ι1.,</span> <span class='ocrx_word' id='word_1_334' title='bbox 1066 2796 1100 2820; x_wconf 78' lang='lat' dir='ltr'>n⁰</span> <span class='ocrx_word' id='word_1_335' title='bbox 1120 2789 1199 2828; x_wconf 72' lang='lat' dir='ltr'>XV,</span> <span class='ocrx_word' id='word_1_336' title='bbox 1218 2800 1250 2830; x_wconf 83' lang='lat' dir='ltr'>p.</span> <span class='ocrx_word' id='word_1_337' title='bbox 1277 2790 1433 2827; x_wconf 66' lang='lat' dir='ltr'>{cm-137).</span> 
     </span>
    </p>

    <p class='ocr_par' dir='ltr' id='par_1_7' title="bbox 186 2828 856 2871">
     <span class='ocr_line' id='line_1_39' title="bbox 186 2828 856 2871; baseline 0.003 -12"><span class='ocrx_word' id='word_1_338' title='bbox 186 2832 214 2860; x_wconf 80' lang='lat'>3.</span> <span class='ocrx_word' id='word_1_339' title='bbox 244 2828 391 2870; x_wconf 75' lang='lat' dir='ltr'>Ungues</span> <span class='ocrx_word' id='word_1_340' title='bbox 409 2840 454 2861; x_wconf 85' lang='lat' dir='ltr'>ou</span> <span class='ocrx_word' id='word_1_341' title='bbox 475 2829 706 2871; x_wconf 72' lang='lat' dir='ltr'>Burtlicleiny</span> <span class='ocrx_word' id='word_1_342' title='bbox 720 2831 763 2861; x_wconf 82' lang='lat' dir='ltr'>dc</span> <span class='ocrx_word' id='word_1_343' title='bbox 784 2830 856 2861; x_wconf 69' lang='lat' dir='ltr'>Vir.</span> 
     </span>
    </p>
   </div>
  </div>
 </body>
</html>
