1930 3224
301 209 382 251 198
700 223 799 252 vssx.
836 222 1029 251 (mmmm
1062 223 1168 251 v1TAE
1199 223 1315 251 LIBER
1348 223 1394 250 ιιι

294 322 460 364 civium
478 322 737 379 confligium
758 336 847 362 non
874 322 1047 363 lateret.
1083 320 1251 362 Videns
1276 320 1427 378 itaque
1464 321 1774 378 Ingelrannus‚

294 390 418 431 urbis
453 390 715 443 comes¹,ex
749 389 1054 445 conjuratione
1091 388 1380 446 burgensium
1418 389 1655 432 comitatus
1692 388 1778 432 sibi

288 458 389 515 jura
415 462 595 499 vetusta
613 456 765 509 recidi,
785 460 918 514 prout
935 461 1125 513 poterat,
1142 456 1237 514 jam
1257 456 1448 498 rebelles
1473 457 1608 499 armis
1625 471 1778 515 aggre-

293 526 427 568 ditur.
460 525 543 567 Cui
579 525 714 566 etiam
745 539 834 565 non
874 524 1014 566 defuit
1050 524 1212 576 Adam,
1249 524 1311 566 sic
1341 525 1460 566 enim
1498 529 1699 578 vocatur,
1732 529 1776 568 et

294 609 401 645 suae,
429 594 498 635 cui
512 597 698 650 praeerat
715 592 827 649 ipse,
846 592 981 634 turris
996 592 1012 619 ‘2
1034 592 1265 635 auxilium.
1288 592 1329 634 A
1351 592 1650 650 burgensibus
1670 607 1776 650 ergo

292 661 415 703 urbis
440 661 612 717 pulsus,
647 660 702 702 ab
733 660 842 701 urbe
882 660 927 701 in
963 665 1131 702 turrem
1167 675 1213 702 se
1251 660 1453 703 contulit.
1481 660 1566 713 Qui
1595 675 1697 703 cum
1729 659 1774 703 in

292 729 501 771 comitem
540 728 779 770 irremissis
819 728 1064 770 assultibus
1107 734 1433 784 grassarentur,
1480 733 1524 771 et
1557 729 1774 771 Thomam

294 797 422 855 quasi
469 796 763 838 amantiorem
810 811 940 837 suum
977 796 1208 838 dominum
1239 797 1293 838 ad
1342 796 1605 838 communire
1652 796 1774 839 illius

292 870 568 906 sacramenta
609 868 835 915 vocantes,
868 869 1019 906 contra
1051 869 1298 921 parentem,
1339 870 1390 907 ut
1421 869 1618 922 putatur,
1645 879 1776 907 suum

293 933 434 974 filium
452 932 739 974 suscitarunt.
756 932 1106 990 Ignominiosam
1116 933 1236 974 enim
1254 933 1383 975 valde
1399 938 1588 975 matrem
1602 932 1774 987 habuit,

294 1006 337 1043 et
372 1001 470 1042 ideo
508 1016 684 1058 semper
720 1001 856 1057 patris
893 1001 1053 1042 affectu
1088 1001 1244 1043 caruit.
1293 1001 1577 1059 Per-pendens
1609 1001 1779 1044 interea

296 1069 606 1126 Ingelrannus‚
639 1068 741 1125 quia
771 1068 840 1110 sui
866 1069 950 1110 aevi
989 1069 1257 1125 gravitatem
1287 1083 1510 1126 caupones
1542 1073 1587 1111 et
1618 1069 1779 1112 macel-

297 1136 392 1178 larii
412 1136 664 1188 irriderent,
695 1136 910 1178 accersito
937 1137 1121 1187 Thoma‚
1152 1141 1371 1194 pactoque
1396 1152 1497 1179 cum
1519 1152 1570 1179 eo
1594 1137 1775 1190 findere,

295 1205 429 1246 etiam
480 1220 718 1246 novercam
767 1204 891 1245 illam
930 1204 1128 1260 praebitis
1185 1205 1431 1247 innumeris
1486 1205 1779 1248 sacramentis

295 1262 411 1314 novo
444 1272 483 1313 ei
533 1272 778 1314 insinuavit
820 1288 985 1314 amore.
1043 1272 1152 1324 Quae
1208 1266 1421 1315 nimirum
1457 1273 1638 1316 sibimet
1688 1288 1778 1315 non

300 1341 478 1396 ignava,
517 1355 603 1381 non
639 1340 765 1397 parvi
802 1340 1010 1397 ponderis
1036 1356 1167 1397 gazas
1194 1341 1249 1382 ab
1274 1356 1325 1382 eo
1351 1341 1500 1399 exegit
1537 1357 1618 1398 pro
1650 1341 1779 1383 inno-

296 1413 396 1450 vata
418 1424 540 1464 pace.
1603 1401 1607 1409 ⁴
1782 1407 1785 1410 ’

356 1476 586 1518 Exhausto
610 1476 799 1532 denique
830 1477 1023 1518 Thomas
1064 1476 1253 1533 plurimo
1287 1492 1420 1534 quem
1452 1476 1643 1520 habebat
1678 1477 1779 1519 the-

297 1544 414 1585 sauri
436 1545 630 1596 cumulo,
656 1559 787 1600 opem
823 1559 999 1602 quoque
1037 1544 1307 1600 Ingelranno
1348 1545 1588 1602 spopondit
1626 1550 1777 1588 contra

298 1612 559 1667 burgenses,
583 1612 746 1669 quibus
772 1628 871 1654 cum
901 1612 1182 1654 vicedomino
1215 1612 1500 1655 adnitebatur
1526 1613 1775 1671 episcopus.

298 1681 490 1721 Thomas
525 1680 663 1737 igitur
689 1685 731 1722 et
767 1680 928 1732 Adam,
969 1680 1044 1737 qui
1082 1680 1193 1721 turri
1228 1680 1510 1737 praesidebat,
1551 1685 1781 1738 coeperunt

297 1748 508 1790 acerrime
535 1748 739 1789 insistere
763 1747 1040 1791 vicedomino
1065 1753 1197 1805 atque
1218 1748 1532 1805 burgensibus,
1553 1753 1597 1791 et
1625 1764 1782 1806 quam-

298 1816 508 1872 primum,
531 1817 742 1872 quoniam
759 1817 1015 1873 episcopum
1039 1822 1082 1859 et
1102 1816 1286 1858 clericos
1307 1815 1434 1859 faetae
1457 1816 1564 1859 'cum
1592 1816 1783 1874 burgen-

299 1884 422 1925 sibus
457 1883 663 1926 factionis
695 1884 957 1940 arguebant,
993 1900 1062 1926 res
1103 1885 1302 1942 pervasit
1340 1885 1533 1927 Thomas
1564 1884 1776 1928 eeclesiae.

301 1953 357 1994 Et
380 1953 424 1993 in
448 1967 534 1993 una
563 1953 745 2010 quidem
766 1952 974 1994 villarum
999 1952 1094 2010 ejus
1119 1953 1377 2009 praesidium
1401 1953 1485 1995 sihi
1513 1953 1677 2006 firmat,
1702 1968 1781 2010 per

299 2020 418 2076 quod
439 2025 640 2062 czeterasa
665 2036 766 2061 mox
791 2021 1008 2062 incendiis
1034 2025 1078 2062 et
1096 2021 1259 2078 praedis
1289 2021 1571 2076 exterminat.
1602 2021 1668 2064 Ex
1691 2037 1779 2064 una

300 2103 452 2129 earum
491 2103 591 2130 cum
631 2088 873 2130 maximam
927 2089 1207 2147 captivorum
1258 2089 1519 2132 abduxisset
1556 2094 1780 2132 catervam

342 2210 372 2231 a.
392 2201 528 2231 ceteras
548 2200 616 2230 Du.

343 2317 370 2344 1.
397 2313 627 2353 Enguerrancl
654 2314 697 2344 dc
719 2314 841 2355 Coucy
866 2315 954 2346 e'tait
980 2317 1098 2346 comte
1125 2316 1307 2347 d'Amicns
1335 2317 1460 2356 depuis
1494 2319 1584 2348 1085.
1614 2316 1643 2347 11
1666 2315 1784 2347 s'etait

300 2355 382 2385 saisi
407 2355 450 2385 de
477 2357 571 2386 cette
598 2356 710 2394 partie
738 2356 781 2386 de
804 2356 836 2386 la
861 2357 1065 2387 succession
1087 2358 1130 2387 de
1151 2358 1246 2388 saint
1272 2357 1406 2395 Simon,
1435 2359 1553 2388 comte
1576 2357 1620 2388 de
1647 2356 1783 2396 valois,

300 2396 411 2426 cchue
429 2397 447 2426 a
466 2397 528 2426 des
548 2406 788 2436 personnages
803 2397 952 2428 obscurs
971 2399 1131 2429 nomines
1156 2399 1224 2429 Gui
1247 2401 1283 2430 et
1300 2399 1396 2430 Yves
1415 2398 1494 2439 (Art
1512 2399 1554 2429 de
1571 2397 1717 2439 ve'rifi'er
1735 2399 1784 2430 les

299 2437 411 2468 dates.
432 2439 456 2467 t.
484 2437 527 2475 ΙΙ,
544 2447 577 2477 p.
596 2441 652 2467 705
671 2439 808 2473 (31715).

342 2482 370 2509 2,
394 2478 598 2509 Forteresse
618 2479 664 2509 du
683 2480 855 2510 Castillon
873 2481 919 2515 (v.
937 2481 983 2520 pl.
1004 2482 1090 2511 dans
1109 2482 1276 2520 Calonne,
1295 2491 1350 2522 op.
1369 2480 1579 2519 cit.‚cont1·e
1598 2481 1630 2512 la
1648 2491 1680 2521 p.
1696 2481 1780 2512 1283.

299 2520 442 2550 Nicolas
458 2520 500 2550 de
525 2520 774 2560 Saint—Crepin
799 2531 890 2552 nous
917 2523 1034 2553 donne
1060 2523 1231 2563 quelques
1256 2523 1560 2562 renseignements
1581 2533 1642 2553 sur
1667 2522 1781 2553 Adam

299 2561 381 2600 qu'il
409 2562 547 2601 appelle
584 2574 597 2588 (ι
627 2562 784 2592 civitatis
812 2563 979 2603 princeps
1012 2577 1026 2591 »
1055 2564 1089 2603 (l.
1121 2564 1164 2603 II,
1197 2574 1226 2595 c.
1250 2575 1327 2601 xxx,
1356 2574 1390 2604 p.
1418 2565 1502 2602 201).
1532 2564 1691 2595 Soutenu
1718 2573 1783 2604 par

300 2601 470 2641 l'evequc.
499 2603 613 2632 Adam
635 2603 675 2634 fit
700 2603 731 2633 la
750 2614 875 2643 guerre
890 2605 908 2634 a
929 2606 1122 2644 Vermond,
1142 2602 1282 2636 vidame
1306 2605 1484 2645 episcopal
1508 2606 1550 2636 de
1569 2605 1779 2646 Picquigny.

301 2643 434 2682 Malgre
458 2644 550 2674 deux
565 2645 945 2683 excommunications,
969 2646 1151 2677 Vermond
1169 2657 1319 2686 ravagea
1340 2647 1372 2677 le
1390 2647 1530 2677 diocese
1547 2646 1730 2677 d'Amiens
1745 2648 1780 2677 et

301 2684 471 2723 s⁴empara
500 2685 662 2723 (l'Adam,
690 2686 769 2725 puis
799 2686 823 2716 il
844 2687 921 2717 finit
948 2697 1013 2727 par
1035 2689 1109 2718 ctre
1134 2689 1314 2719 lui-meme
1346 2689 1376 2719 le
1401 2689 1604 2728 prisonnier
1623 2689 1666 2718 de
1687 2688 1781 2718 saint

301 2725 458 2756 Geoss'roi
476 2727 534 2765 qui
548 2727 596 2756 lui
615 2728 732 2757 rendit
752 2727 784 2757 la
806 2727 944 2761 libcrtc',
965 2731 1184 2768 moyennant
1200 2731 1289 2760 celle
1309 2728 1458 2760 d'Adam
1483 2729 1517 2770 (l.
1543 2729 1586 2768 ΙΙ,
1602 2740 1631 2760 c.
1656 2739 1723 2760 xxx
1746 2730 1782 2760 et

301 2777 368 2797 xxx
387 2770 423 2798 et
438 2778 539 2799 xxxi:
558 2768 579 2798 1.
598 2768 659 2806 111,
676 2778 705 2799 c..
727 2779 762 2805 ιι,
786 2771 1166 2810 111,etv‚p.201-202,
1185 2772 1348 2811 203-20-4).
