1930 3224
295 258 350 301 54
700 271 799 301 VEN.
836 270 1029 300 GUIBERTI
1063 271 1170 300 VITAE
1201 271 1323 300 LIBER
1354 273 1367 300 l

1482 338 1499 359 0

297 372 443 413 minor
458 370 512 413 ab
527 371 626 412 aliis
646 386 749 412 cura
765 370 1112 427 impenderetur,
1131 385 1182 412 eo
1194 386 1265 412 me
1281 386 1571 413 commonens
1589 371 1754 414 arctius
1767 378 1785 400 ἃ

297 439 535 482 elaborare.
565 439 637 494 Et,
662 455 687 480 o
709 438 916 490 Domine,
946 437 1098 480 lumen
1126 454 1295 491 verum,
1316 439 1448 496 plene
1473 439 1680 482 recordor
1698 443 1787 482 tuae

296 506 638 559 inaestimabilis,
669 522 803 564 quam
828 505 938 547 mihi
964 510 1071 548 tunc
1090 505 1382 559 exhibuistib,
1409 506 1648 564 largitatis.
1671 506 1788 550 Nam

297 590 400 617 mox
419 580 469 617 ut
495 574 697 617 habitum
721 579 849 616 tuum
873 578 917 616 te
934 573 1154 616 invitante
1169 582 1184 601 ⁶
1208 574 1399 632 suscepi,
1425 574 1547 616 illico
1562 574 1672 617 mihi
1691 574 1787 618 visa

297 649 365 686 est
400 659 423 685 a
458 642 569 685 facie
605 642 751 684 cordis
786 641 930 684 nubes
965 646 1129 695 amota,
1168 647 1212 684 et
1251 643 1326 685 illa
1363 658 1468 684 mox
1505 642 1787 686 introducere

297 715 544 768 coeperunt,
586 710 631 751 in
676 709 838 767 quibus
872 709 1045 767 pridem
1083 710 1306 767 evagabar
1346 726 1489 753 caecus
1528 715 1573 754 et
1612 725 1781 754 errans.

298 781 517 822 Praeterea
548 782 675 820 tanto
708 777 910 820 discendi
935 778 1095 820 affectu
1126 784 1306 836 repente
1340 794 1441 821 sum
1467 778 1706 832 animatus,
1737 782 1788 821 ut

298 848 400 890 huic
422 846 506 888 soli
528 847 592 889 rei
617 846 747 888 unice
766 846 1002 900 inhiarem,
1025 850 1070 888 et
1089 847 1315 889 incassum
1331 862 1402 890 me
1419 847 1570 890 vivere
1596 837 1790 890 aestima-

297 931 407 969 rem,
431 915 470 956 si
490 914 607 957 diem
626 915 721 956 sine
744 915 824 957 tali
842 914 1044 972 quolibet
1066 919 1168 958 actu
1193 915 1502 973 transigerem.
1527 915 1564 958 Ο
1582 915 1791 974 quotiens

298 983 492 1025 dormire
518 982 724 1040 putabar,
755 987 799 1025 et
822 998 983 1039 corpus
1006 982 1089 1025 sub
1114 983 1310 1040 pannulo
1335 982 1485 1025 fovere
1506 983 1789 1032 tenellulum,

299 1056 342 1094 et
360 1052 543 1109 spiritus
561 1066 689 1093 meus
707 1055 783 1093 aut
797 1051 1116 1093 dictaturiens¹
1137 1050 1391 1093 arctabatur
1405 1051 1440 1105 d,
1465 1055 1543 1094 aut
1562 1051 1791 1110 quippiam

299 1120 473 1178 objecta
499 1119 660 1172 lodice,
682 1119 789 1161 dum
807 1119 975 1176 judicia
1002 1134 1159 1161 vereor
1177 1120 1337 1172 aliena,
1364 1119 1586 1177 legebam.

359 1188 415 1230 Et
437 1191 504 1241 tu,
533 1187 639 1230 Jesu
664 1188 751 1244 pie,
775 1202 866 1229 non
883 1187 1115 1230 nesciebas
1134 1203 1221 1245 qua
1242 1188 1491 1237 intentione
1517 1187 1563 1230 id
1582 1166 1788 1240 facerem,

299 1255 614 1313 conquirendae
643 1256 797 1314 utique
838 1256 980 1312 gratia
1020 1255 1183 1306 laudis
1217 1261 1261 1298 et
1288 1260 1340 1298 ut
1374 1255 1607 1313 praesentis
1641 1222 1794 1298 saeculi

300 1324 639 1367 honorificentia
661 1324 804 1381 major
829 1328 1095 1366 occurreret.
1132 1323 1364 1366 Habebam
1388 1324 1521 1382 plane
1544 1328 1696 1366 contra
1721 1339 1791 1366 me

301 1393 484 1446 amicos,
526 1392 619 1449 qui,
657 1392 742 1434 etsi
776 1391 891 1434 bona
927 1392 1037 1433 mihi
1076 1391 1340 1446 suadebant,
1379 1391 1533 1435 crebro
1565 1397 1715 1439 tamen
1748 1395 1792 1434 et

301 1461 456 1503 laudes
484 1465 528 1503 et
548 1475 609 1502 ex.
626 1460 768 1502 literis
792 1460 1084 1502 claritudines
1111 1459 1391 1517 ingerebant,
1419 1466 1463 1503 et
1485 1476 1564 1518 per
1580 1460 1674 1502 haec
1694 1459 1790 1503 cul-

302 1529 470 1571 minum
506 1543 730 1586 opumque
762 1528 1081 1571 assecutiones.
1119 1529 1231 1587 Spes
1264 1529 1403 1586 igitur
1434 1529 1556 1571 omni
1585 1525 1792 1586 aspidum

302 1613 387 1639 ovo
422 1597 664 1639 deteriores
696 1596 818 1638 cordi
848 1596 1100 1654 improvido
1129 1596 1388 1649 afferebant,
1418 1601 1478 1651 et,
1508 1611 1608 1639 cum
1644 1595 1794 1639 omnia

304 1681 402 1723 quae
429 1665 711 1722 spondebant
737 1664 951 1707 citissime
977 1664 1263 1723 adimplenda
1286 1669 1506 1722 putarem,
1535 1663 1795 1707 vanissimis

304 1749 375 1776 me
408 1733 794 1790 expectationibus
836 1732 1122 1775 deludebant.
1161 1733 1290 1785 Quod
1323 1733 1442 1775 enim
1476 1733 1523 1775 in
1554 1732 1795 1791 grandaevo

305 1806 602 1845 eventurume
634 1801 858 1854 dicebant,
888 1817 970 1859 ego
1003 1802 1136 1858 plane
1162 1801 1438 1844 adolescenti
1472 1805 1606 1859 atque
1634 1801 1796 1859 juven-

305 1871 405 1912 culo
441 1870 758 1912 accessurumf
791 1869 1021 1927 putabam.
1059 1869 1377 1927 proponebant
1406 1884 1569 1927 nempe
1605 1868 1716 1910 mihi
1751 1872 1795 1910 et

306 1954 419 1991 eam,
438 1953 552 1996 quae,
574 1942 618 1980 te
628 1942 822 1990 auctore,
838 1937 883 1979 in
897 1937 992 1979 dies
1011 1937 1312 1989 excrescebat,
1331 1937 1580 1992 scientiam,
1599 1941 1643 1979 et
1653 1936 1795 1978 bonos

306 2007 362 2048 ad
389 2005 602 2048 saeculum
620 2006 793 2048 natales
809 2010 854 2048 et
874 2004 1086 2059 formam;
1112 2006 1190 2048 sed
1210 2021 1299 2047 non
1321 2005 1671 2047 recordabantur
1689 2005 1792 2062 quia

307 2090 386 2132 per
417 2075 498 2116 hos
524 2074 691 2131 gradus
726 2074 909 2116 vetuisti
941 2074 1121 2116 ascendi
1150 2074 1207 2116 ad
1229 2073 1369 2115 altare
1403 2078 1546 2127 tuum,
1577 2072 1697 2130 quod
1730 2073 1794 2114 sic

309 2142 450 2184 soleat
476 2141 707 2199 turpitudo
728 2142 930 2184 revelari.
953 2141 1039 2193 Qui
1063 2141 1183 2183 enim
1202 2141 1405 2184 ascendit
1424 2141 1605 2183 aliunde
1627 2139 1704 2187 ille
1723 2139 1796 2183 fur

310 2215 377 2253 est
400 2215 444 2252 et
469 2211 583 2252 latro
602 2211 634 2263 ἓ),
665 2211 785 2267 quod
805 2215 875 2252 est
893 2210 1138 2267 turpitudo.

349 2332 380 2354 a.
401 2322 500 2353 Corr.
523 2322 566 2352 de
585 2322 629 2352 D.
647 2321 763 2352 artius
781 2322 819 2352 B.
835 2340 875 2344 —
891 2321 926 2354 b.
943 2321 1153 2353 eoetribuisti
1172 2322 1215 2353 D.
1232 2340 1270 2344 —
1291 2331 1319 2352 c.
1343 2322 1441 2352 Coi-r.
1465 2322 1507 2352 de
1531 2321 1558 2351 B
1576 2320 1625 2362 (et
1641 2320 1700 2362 D).
1718 2309 1798 2351 imi-

313 2364 409 2395 tante
427 2364 470 2395 X.
485 2381 527 2386 —
546 2363 579 2394 d.
597 2363 697 2394 Corr.
718 2363 760 2394 de
776 2363 817 2394 D.
835 2363 1027 2395 artabatur
1041 2363 1079 2394 B.
1100 2382 1141 2386 —-
1160 2373 1188 2394 e.
1206 2365 1378 2394 eventura
1400 2363 1427 2394 B
1448 2362 1497 2403 (et
1517 2362 1574 2403 D).
1590 2361 1670 2402 —f.
1686 2370 1799 2393 acces-

311 2415 398 2436 sura
419 2405 456 2436 Β.
477 2414 658 2436 accessum
676 2405 719 2436 D.

311 2537 363 2566 les
375 2537 514 2576 vepres,
528 2536 577 2566 les
595 2535 795 2566 matmes'et
808 2536 858 2566 les
873 2536 1007 2576 laudes
1028 2536 1114 2566 mais
1132 2536 1165 2566 la
1182 2535 1494 2582 messeadisparu.
1509 2534 1565 2565 Au
1577 2540 1663 2564 xviin
1676 2533 1795 2569 siecle

313 2580 370 2608 cet
387 2577 490 2608 office
509 2577 596 2608 etait
612 2586 741 2607 encore
759 2586 888 2607 consci
890 2587 945 2616 ve
965 2578 995 2607 si
1013 2577 1082 2608 l’on
1110 2586 1153 2608 en
1177 2577 1269 2608 croit
1288 2577 1321 2607 le
1343 2576 1381 2607 P.
1399 2576 1431 2608 J.
1436 2576 1492 2607 -Β,
1518 2576 1562 2607 de
1587 2575 1795 2615 Boulongne

313 2618 404 2654 (Rih.
420 2620 490 2650 nat
498 2628 584 2657 ‚.ms
607 2618 667 2649 lat.
689 2618 801 2658 13890)
819 2618 891 2658 qui,
911 2618 1132 2658 enumerant,
1151 2628 1185 2658 p.
1211 2620 1281 2657 451,
1300 2618 1351 2648 les
1370 2627 1546 2658 ouvrages
1565 2618 1607 2648 de
1629 2615 1793 2653 Guibert,

312 2655 391 2691 dit:
410 2660 489 2691 «ΗΞ
506 2659 690 2690 Gercmaii
714 2660 870 2690 officium
894 2670 975 2693 cum
991 2670 1096 2700 piosa
1114 2644 1147 2690 i'n
1161 2659 1237 2700 ejus
1253 2659 1511 2690 festivitatibus
1531 2640 1794 2690 decantanduni

313 2701 521 2732 concinasse
544 2701 782 2731 Flaviacensis
805 2702 1012 2732 monasterii
1027 2701 1171 2732 Rituale
1189 2701 1432 2732 attestatur.»

354 2746 382 2774 1.
408 2743 486 2773 Mot
501 2742 599 2782 forge
617 2752 678 2772 sur
693 2741 836 2779 dictari,
852 2752 897 2772 ou
915 2752 1036 2774 erreur
1055 2753 1146 2783 pour
1159 2742 1372 2774 dicturiens.

356 2788 384 2815 2.
402 2784 525 2823 .l.oan‚
545 2784 586 2815 X.
604 2787 647 2814 1:
669 2784 827 2822 ‹,‹Amen
849 2793 951 2814 amen
969 2785 1049 2815 dico
1064 2784 1194 2815 vobis:
1217 2784 1276 2824 qui
1300 2793 1371 2814 non
1388 2783 1499 2815 intrat
1521 2793 1585 2824 per
1606 2782 1738 2814 ostium
1757 2782 1793 2812 in

315 2825 410 2856 ovile
424 2826 558 2864 ovium,
578 2825 640 2856 sed
654 2825 815 2856 ascendit
832 2825 986 2865 aliunde,
1004 2826 1063 2857 ille
1084 2826 1142 2856 fui
1159 2828 1224 2865 est,
1243 2827 1280 2856 et
1296 2826 1432 2857 latio.»
