1930 3224
292 269 347 313 28
705 286 802 316 VEN.
840 286 1032 315 cumam]
1066 287 1171 315 vim:
1204 288 1321 316 LiBEr.
1355 290 1367 316 1

291 383 400 426 satis
424 384 615 426 alterum
641 385 923 442 propagavit.
945 384 1130 427 Simon&
1160 387 1279 428 enim
1306 387 1534 444 quidam1,
1562 388 1740 431 Radulfi
1758 387 1781 416 ¹²

292 452 476 493 comitis
499 452 634 505 filius,
663 453 856 494 mirabili
882 454 1026 496 nostri
1051 455 1266 512 temporis
1296 455 1558 512 religionem
1591 456 1784 514 inopinae

294 520 557 562 mutationis
581 520 782 563 claritate
797 521 975 564 ditavit.
995 516 1087 572 Qus
1098 523 1275 580 quidem
1306 523 1628 581 Radulphusffa
1647 539 1782 582 quam

290 588 479 629 celebris
518 588 683 646 ubique
729 589 1001 631 Francorum
1051 591 1260 648 potentia}
1298 591 1444 645 fuerit,
1504 607 1614 649 quas
1647 591 1781 635 urbes

290 655 521 708 invaserit,
561 662 672 713 quot
712 657 875 715 oppida
901 656 1016 714 smira
1056 659 1296 715 sagacitate
1327 660 1542 716 quaesita⁶
1569 660 1776 713 tenuerit,

292 724 420 765 multi
451 724 732 781 superstites,
754 726 830 783 qui
862 725 957 782 ejus
993 731 1174 768 actuum
1201 727 1457 777 meminere,
1489 733 1593 781 sunt
1620 732 1775 771 testes.

290 790 494 842 Quantus
518 792 652 834 etiam
687 792 818 835 fuerit
839 809 892 835 ex
923 809 974 835 eo
1002 809 1090 836 uno
1120 794 1280 851 conjici
1302 801 1470 852 posset,
1504 796 1624 854 quod
1655 796 1786 839 Hen—v
1810 793 1814 796 ’

292 859 372 902 rici
388 867 407 886 ἃ
426 860 546 916 regis
569 876 771 911 uxorem,
804 861 999 919 Philippi
1018 870 1036 888 ἃ
1059 862 1214 905 itidem
1234 863 1353 919 regis
1367 868 1572 914 matrem,
1597 864 1642 906 in
1666 879 1774 906 con-

287 927 415 986 jugio
436 933 539 985 post
559 929 707 971 mariti
731 929 965 972 decessum
988 930 1205 973 habuerit.

350 996 626 1039 Juvenculus
650 997 787 1054 igitur
808 997 963 1041 Simon
981 1006 1013 1050 ἃ,
1049 1014 1150 1040 cum
1175 1004 1364 1041 mortem
1389 1004 1516 1057 pater
1544 999 1775 1055 obiissetd‚

291 1063 474 1106 obtento
502 1065 797 1108 comitatuum
818 1065 914 1122 ejus
936 1067 1102 1109 honore
1123 1066 1247 1109 brevi
1267 1068 1426 1110 tenuit.
1456 1068 1571 1110 Nam
1601 1083 1779 1110 causam

290 1132 398 1174 adeo
432 1137 667 1175 maturatae
701 1134 1008 1176 conversionis
1043 1135 1157 1177 hanc
1193 1135 1330 1193 aliqui
1363 1135 1499 1178 fuisse
1532 1136 1695 1179 ferunt.
1728 1136 1778 1179 In

290 1200 487 1258 quodam
510 1201 674 1258 oppido
695 1202 726 1255 3,
756 1202 876 1259 quod
897 1202 981 1244 sibi
1005 1203 1294 1260 usurpatione
1319 1204 1466 1261 potius
1495 1219 1631 1261 quam
1653 1203 1778 1246 here—

290 1268 429 1311 ditate
444 1277 459 1295 θ
472 1275 754 1327 provenerat,
770 1270 971 1328 ejusdem
985 1271 1123 1328 patris
1137 1271 1336 1330 reliquiae
1351 1271 1540 1314 conditae
1554 1271 1729 1314 fuerant
1742 1271 1772 1314 4.

330 1391 362 1412 a.
391 1380 570 1422 Capitales
598 1382 638 1413 B.
657 1400 697 1404 —
726 1382 761 1414 h.
796 1383 975 1424 Capitales
1004 1384 1044 1414 B.
1082 1383 1264 1425 Rafdulphi
1292 1384 1335 1415 D.
1365 1402 1406 1406 ——
1433 1394 1462 1415 c.
1497 1383 1648 1426 quaescta
1684 1383 1776 1416 mira

288 1422 485 1464 saqacilate
506 1423 603 1455 D.—
623 1423 657 1455 d.
683 1423 815 1455 obisset
836 1425 928 1456 B.—
952 1434 979 1456 e.
997 1425 1204 1456 haereditate
1228 1425 1272 1456 D.
1589 1448 1592 1453 .

328 1574 358 1602 1.
385 1571 519 1610 Simon,
539 1574 656 1603 comte
681 1573 723 1603 de
748 1573 882 1612 Valois,
912 1573 1065 1604 succeda
1088 1575 1107 1605 a
1131 1584 1194 1605 son
1213 1574 1296 1614 pere
1318 1574 1432 1605 Raoul
1457 1574 1506 1604 III
1527 1584 1569 1605 en
1589 1576 1680 1606 1074.
1703 1575 1774 1606 Son

287 1613 491 1644 beau-frere
509 1613 740 1654 Bartheleniy
767 1615 934 1652 Bardoul,
955 1615 1024 1646 sire
1044 1616 1087 1646 de
1111 1616 1258 1655 Broyes,
1284 1617 1320 1646 et
1343 1616 1375 1646 le
1401 1616 1454 1646 roi
1473 1615 1636 1656 Philippe
1658 1616 1700 1646 1⁸¹·
1727 1616 1774 1646 lui

286 1654 393 1685 firent
410 1655 429 1685 a
443 1655 622 1695 plusieurs
646 1656 800 1695 reprises
823 1657 854 1687 la
894 1666 1014 1687 ·ucrrc.
1041 1657 1312 1688 L'cxhumation
1330 1657 1376 1687 du
1398 1667 1502 1697 corps
1519 1658 1563 1688 de
1589 1667 1652 1688 son
1677 1657 1774 1698 pere,

285 1696 347 1736 qui
364 1697 424 1726 eut
445 1696 516 1726 lieu
534 1697 566 1727 15
589 1700 626 1726 22
646 1707 740 1727 mars
758 1700 848 1736 1077,
868 1698 1017 1728 laniena
1037 1699 1056 1729 a
1074 1708 1247 1729 renonccr
1272 1708 1316 1729 au
1339 1699 1479 1729 monde.
1508 1698 1723 1737 Delaissant,
1742 1698 1775 1729 la

286 1737 364 1768 nuit
392 1738 506 1768 meme
543 1738 605 1768 des
634 1748 754 1777 noces,
787 1749 823 1769 sa
855 1739 983 1769 femme
1019 1740 1158 1778 Judith,
1195 1740 1266 1770 fille
1298 1740 1345 1770 du
1382 1741 1499 1771 comte
1534 1740 1773 1779 d'Auvergne,

286 1778 424 1809 Robert
441 1779 486 1817 II,
505 1779 529 1809 il
546 1779 732 1810 s'ensernia
753 1790 796 1810 au
815 1782 972 1811 convent
986 1781 1029 1811 (15
1049 1780 1272 1821 Saint-Oyen
1291 1791 1336 1812 ou
1358 1782 1401 1811 de
1419 1780 1681 1819 Saint-Claudc,
1699 1783 1775 1813 tan-

285 1820 339 1850 dis
371 1830 439 1860 que
469 1830 505 1851 sa
534 1821 663 1852 femme
694 1822 826 1853 entrait
859 1823 878 1852 a
906 1823 938 1852 la
969 1822 1175 1853 Part-Dieu.
1209 1822 1330 1853 Simon
1366 1825 1512 1854 mourut
1543 1823 1563 1853 a
1601 1822 1712 1853 Rome
1741 1822 1774 1852 le

285 1865 323 1891 29
342 1862 546 1901 septembre
569 1865 659 1902 1082,
679 1863 783 1903 apres
798 1873 867 1894 unc
886 1864 1034 1894 mission
1052 1874 1120 1904 que
1136 1864 1185 1894 lui
1202 1865 1298 1895 avait
1319 1863 1454 1895 confice
1474 1864 1505 1894 le
1528 1873 1619 1904 pape
1646 1863 1775 1904 aupres

283 1903 327 1933 de
358 1903 494 1934 Robert
523 1903 710 1935 Guiscard.
740 1903 804 1935 Ses
835 1904 936 1935 biens
978 1905 1121 1936 avaient
1156 1905 1211 1936 etc'
1242 1906 1433 1947 accapares
1469 1915 1534 1945 par
1562 1905 1613 1936 les
1642 1905 1774 1936 barons

286 1944 422 1974 voisins
440 1945 460 1975 ἐι
474 1954 538 1975 5οη
554 1946 677 1976 entree
692 1955 735 1976 en
748 1946 908 1986 religion,
921 1956 963 1977 en
973 1947 1182 1986 particulier
1196 1957 1261 1987 par
1276 1947 1425 1978 Etienne
1442 1947 1486 1978 de
1496 1946 1721 1987 Champagne
1738 1948 1775 1977 et

286 1986 515 2057 Enlgiuerrand
533 1987 576 2017 de
596 1986 739 2028 Coucy;
755 1987 786 2018 le
805 1987 858 2017 roi
877 1987 1051 2028 s’empara
1069 1989 1115 2018 du
1136 1989 1248 2019 Vexin
1268 1988 1350 2028 (Art
1366 1987 1409 2019 de
1425 1987 1570 2028 ve'rifier·
1585 1987 1635 2019 les
1661 1987 1772 2027 dates,

285 2028 311 2058 t.
370 2052 377 2066 ‚
398 2037 432 2066 p.
454 2029 612 2066 703-705).

326 2071 355 2099 2.
381 2068 477 2099 Yves
496 2070 538 2100 de
558 2069 726 2100 Chartrcs
745 2071 862 2101 donne
880 2071 912 2101 la
930 2070 1134 2111 genealogie
1151 2071 1437 2111 approximative
1446 2071 1489 2101 de
1501 2080 1540 2101 cc
1551 2080 1772 2111 personnage

285 2109 426 2150 (Epist.‚
443 2116 480 2140 n⁰
498 2112 548 2148 45,
573 2111 661 2142 dans
677 2111 806 2151 Migne,
827 2111 924 2142 Patr.
946 2111 1021 2150 lat„
1041 2113 1067 2143 t.
1085 2115 1154 2147 162,
1174 2112 1240 2142 501.
1267 2114 1375 2152 57-58)
1397 2122 1404 2143 ε
1427 2124 1439 2139 «
1465 2112 1645 2143 Perlatum
1660 2112 1772 2143 estad

285 2155 388 2182 aur'es
419 2153 561 2182 nostras
596 2153 692 2192 quod
722 2153 954 2184 Mellentinus
984 2163 1104 2184 comes
1137 2154 1266 2184 ducere
1296 2154 1384 2185 velit
1412 2153 1449 2183 in
1485 2163 1632 2184 uxorem
1663 2153 1772 2184 filiam

285 2192 446 2232 Hugonis
462 2193 697 2233 Crispeiensis
712 2195 895 2225 comitis...
910 2194 1048 2224 Horum
1063 2198 1182 2226 autem
1197 2195 1486 2235 consanguinitas
1501 2194 1698 2235 nccignota
1717 2195 1773 2225 est

283 2243 349 2264 nec
363 2236 512 2272 remota,
530 2235 623 2265 sicut
642 2237 819 2266 testantur
833 2238 869 2266 ct
892 2236 1045 2275 probare
1063 2236 1177 2276 parati
1204 2240 1285 2267 sunt
1309 2236 1481 2276 praeclari
1504 2235 1571 2265 viri
1592 2235 1772 2266 decadem

284 2275 352 2306 sati
368 2276 547 2316 prosapie.
572 2276 706 2307 Dicunt
732 2277 826 2307 enim
842 2278 924 2317 quia
939 2277 1145 2308 Gualtcrius
1171 2277 1287 2308 Albus
1317 2278 1439 2317 genuit
1465 2279 1616 2308 matrem
1643 2276 1773 2307 Guale—

282 2317 383 2347 ranni
402 2317 553 2353 comitis,
571 2318 629 2357 qui
656 2319 779 2357 genuit
803 2320 952 2349 matrem
975 2318 1122 2350 Robcrti
1142 2319 1296 2349 comitis.
1318 2319 1405 2350 Item
1422 2318 1649 2358 supradictus
1667 2317 1774 2348 Gual-

282 2359 394 2389 terius
408 2359 531 2397 genuit
549 2358 777 2399 Radulphum
795 2363 935 2400 patrem
953 2360 1102 2391 alterius
1126 2360 1278 2397 Radulfi,
1307 2361 1365 2400 qui
1384 2360 1507 2399 genuit
1530 2359 1774 2390 Vermanden-

283 2409 358 2430 sem
374 2400 606 2433 comitissam.
627 2410 669 2430 ex
687 2411 755 2441 qua
774 2403 857 2432 nata
875 2405 929 2432 est
944 2412 1034 2432 uxor
1056 2401 1198 2432 comitis
1221 2401 1394 2439 Hugonis,
1420 2400 1522 2440 cujus
1544 2400 1652 2431 filiam
1677 2410 1772 2431 nunc

284 2441 414 2471 ducere
444 2441 523 2473 vult
549 2441 780 2472 Mellentinus
804 2452 935 2473 comes.
959 2455 972 2469 »
1006 2461 1046 2465 ——
1079 2442 1125 2473 Ce
1152 2443 1267 2473 Raoul
1296 2443 1349 2473 fut
1379 2441 1489 2473 marie
1513 2442 1604 2472 deux
1629 2441 1709 2480 sois,
1740 2443 1773 2472 la

283 2482 457 2522 premiere
475 2482 493 2512 a
515 2493 583 2513 une
602 2484 758 2513 certainc
778 2483 937 2522 Alienor,
958 2484 990 2514 la
1004 2483 1195 2514 deuxieme
1211 2484 1230 2514 a
1253 2484 1355 2514 Anne
1368 2484 1411 2514 de
1428 2483 1564 2516 Russic.
1593 2492 1706 2513 vcuvc
1729 2483 1772 2513 dc

285 2524 397 2554 Henri
419 2524 456 2553 1ετ
472 2524 530 2560 (cf.
554 2524 605 2555 Cl.
624 2524 845 2559 Hemcraeus.
868 2526 1032 2564 Auqusta
1058 2524 1387 2556 Viromanduorum
1404 2523 1586 2555 vindicata
1607 2525 1642 2555 et
1666 2523 1771 2555 illus-

284 2566 387 2595 trata.
404 2565 515 2603 Paris,
532 2567 624 2602 1643,
641 2565 723 2600 1η-4,
740 2566 853 2596 adan.
873 2568 969 2604 1016,
986 2566 1106 2597 Andrd¹
1124 2567 1170 2597 du
1184 2567 1333 2604 Chesne,
1351 2565 1441 2596 Hist.
1459 2565 1502 2596 de
1522 2565 1555 2596 la
1577 2564 1712 2596 maison
1731 2565 1774 2596 de

283 2606 724 2637 Chastiuon-sur-Marne.
746 2607 856 2642 Paris.
877 2611 968 2646 1621,
988 2608 1074 2646 in-i,
1095 2618 1128 2648 p.
1149 2607 1315 2647 657-658);
1335 2617 1374 2638 ce
1395 2607 1450 2638 fut
1466 2617 1512 2637 un
1540 2607 1604 2637 des
1622 2606 1773 2636 bienfai-

282 2649 381 2677 tcurs
396 2648 438 2678 (15
457 2648 487 2678 la
511 2648 694 2688 collegiale
707 2649 749 2678 de
768 2648 1020 2680 Saint-Arnoul
1039 2650 1081 2680 de
1094 2649 1210 2690 Crepy
1225 2649 1415 2690 (Dachcry,
1434 2647 1538 2679 Guib.
1557 2657 1626 2688 op„
1645 2646 1769 2686 Notae,

283 2699 317 2728 p.
338 2691 421 2727 5473
447 2689 491 2720 cl'.
514 2689 606 2720 Gall.
626 2689 773 2722 Christ..
793 2691 817 2720 t.
838 2690 881 2728 X,
896 2691 963 2722 col.
984 2691 1089 2731 1484).

324 2733 354 2760 3.
379 2729 714 2770 Crcpy-en-Valois,
735 2731 829 2768 Oise,
855 2741 924 2763 arr.
943 2731 1073 2768 Senlis.
1089 2732 1184 2762 ch.-l.
1204 2732 1247 2762 de
1262 2733 1404 2762 canton.

325 2772 354 2802 4.
380 2771 558 2812 Dachery,
581 2772 645 2806 loc..
660 2772 733 2810 cit„
784 2797 789 2803 .
808 2775 878 2811 596,
895 2783 914 2803 a
932 2772 1054 2813 public
1073 2782 1141 2802 unc
1160 2773 1281 2803 charte
1300 2773 1343 2803 de
1364 2772 1485 2803 Simon
1511 2772 1554 2802 de
1581 2770 1710 2811 Crcpy,
1727 2770 1770 2800 de

283 2815 374 2851 1077,
394 2816 614 2844 eonem-nant
631 2814 664 2844 lc
683 2815 757 2844 tom
787 2824 852 2844 cau
871 2814 912 2844 cle
932 2823 995 2844 son
1014 2814 1110 2854 perc,
1129 2814 1270 2854 d'apres
1293 2813 1325 2844 le
1343 2813 1531 2844 cartulaire
1556 2813 1599 2843 (15
1625 2811 1742 2851 Crepy
1761 2821 1767 2842 :
