1930 3224
595 235 695 265 VEN.
733 234 929 264 summm
962 235 1070 264 vmn
1102 235 1223 263 mmm
1257 235 1298 262 ιιι
1598 219 1683 262 189

176 338 222 377 et
240 333 468 377 eximendi
489 349 593 377 eum
612 349 635 376 a
662 334 806 391 digito
833 349 937 391 spes
957 338 1054 376 tota
1079 333 1288 392 perierat.
1314 332 1681 375 Advenientibus

175 402 330 461 itaque
354 402 493 445 sacris
518 402 799 460 pigneribus,
821 402 929 459 dum
953 407 1056 460 post
1080 416 1335 444 sermonem
1357 400 1564 443 habitum
1582 416 1684 443 cum

175 470 350 514 caeteris
370 470 636 514 mulieribus
666 471 873 514 oblatura
911 471 1128 524 venisset,
1164 485 1267 512 cum
1306 485 1493 512 manum
1534 473 1684 511 teten-

174 538 317 582 disset
337 539 394 582 ad
420 539 635 597 reliquias
654 544 890 596 argentum
925 539 1185 598 depositura
1210 538 1332 597 quod
1357 537 1541 591 tulerat,
1589 552 1685 580 cre-

174 607 273 666 puit
305 607 501 651 annulus
532 612 576 650 et
614 607 698 650 sub
734 624 871 666 manu
906 608 1048 665 ipsius
1085 612 1189 650 ante
1210 611 1367 650 sancta
1390 605 1680 649 collabitur1.

176 675 277 728 Quo'
299 676 398 719 viso
420 676 632 734 populus,
661 681 706 719 et
734 676 929 719 maxime
962 676 1190 730 mulieres,
1230 676 1352 733 quod
1375 679 1549 718 tantam
1584 690 1684 732 gra-

175 745 288 788 tiam
314 745 462 788 Mater
482 744 620 803 Virgo
647 744 843 787 foeminae
864 744 930 786 illi
951 745 1219 797 contulerat,
1256 744 1378 802 quod
1414 744 1552 787 etiam
1585 743 1683 802 ipsa

174 818 327 872 petere
346 828 438 856 non
457 813 668 867 audebat,
697 813 783 855 dici
813 829 903 855 non
931 817 1082 871 potest
1103 813 1211 872 quid
1229 828 1521 855 nummorum
1541 828 1685 870 popu-

173 881 264 935 lus,
304 881 413 940 quid
457 882 747 940 potissimum
794 881 990 924 foeminae
1035 882 1274 924 monilium
1318 881 1682 939 annulorumque

174 949 462 994 contulerint.
485 951 636 1008 Pagus
663 951 942 993 Turonicus‘*
957 951 1180 994 virtutum
1204 950 1458 993 communis
1479 949 1684 992 omnium

175 1019 380 1062 Dominae
390 1017 412 1046 ¹³
416 1018 749 1077 jocundabatur
768 1019 905 1061 odore
920 1033 1174 1078 respersus;
1194 1024 1240 1062 at
1256 1035 1363 1062 vero
1382 1019 1684 1076 Andegaven-

175 1087 238 1130 sis
253 1087 493 1146 jactitabat
513 1103 560 1130 se
582 1088 666 1130 Dei
686 1088 964 1130 Genitricem
985 1088 1149 1130 habere
1178 1104 1268 1146 prae
1295 1087 1520 1130 manibus.

235 1156 380 1211 Alias,
408 1156 487 1199 sed
510 1172 600 1215 quo
621 1155 665 1198 id
692 1161 843 1199 actum
864 1157 923 1199 sit
950 1157 1115 1214 oppido
1143 1157 1275 1214 plane
1305 1156 1558 1214 exprimere
1594 1171 1686 1198 non

174 1240 379 1283 possum,
399 1217 623 1267 in'eadem
650 1230 800 1267 tamen
822 1225 991 1268 diocesi
1009 1233 1024 1252 ⁰
1043 1261 1051 1279 ,
1076 1225 1133 1268 ad
1159 1225 1424 1283 quandamd
1445 1225 1686 1267 honestam

176 1293 424 1347 foeminam,
472 1293 728 1336 diutissima
787 1309 868 1336 nec
920 1293 1071 1336 minus
1129 1294 1365 1352 desperata
1420 1293 1685 1336 infirmitate

176 1362 423 1415 detentam,
451 1362 545 1421 ipsa
569 1377 854 1420 summopere
878 1366 1074 1420 petente,
1104 1362 1307 1420 reliquiae
1338 1362 1500 1405 delatae
1526 1366 1635 1404 sunt
1658 1378 1684 1405 a

175 1430 366 1474 clericis.
417 1430 539 1484 Quas
583 1446 686 1473 cum
736 1431 813 1473 illa
851 1431 1202 1489 praecordialiter
1248 1435 1459 1473 venerata
1504 1430 1682 1485 fuisset,

176 1499 405 1558 sacrisque
442 1498 563 1542 unde
588 1498 744 1542 dilutae
780 1499 957 1542 fuerant
982 1504 1138 1558 potata
1158 1499 1385 1553 laticibus,
1427 1515 1508 1542 nec
1540 1515 1682 1553 mora,

176 1566 317 1611 Maria
361 1567 632 1621 medicante,
685 1568 931 1612 convaluit.
979 1568 1184 1628 Cumque
1230 1584 1356 1611 sacra
1398 1568 1481 1610 Dei
1521 1568 1687 1611 debitis

177 1636 439 1679 muneribus
458 1637 742 1690 honorasset,
763 1642 808 1680 et
827 1637 1018 1695 portitor
1035 1652 1267 1679 sacrorum
1292 1637 1454 1695 pedem
1474 1653 1499 1679 a
1521 1637 1684 1680 domus

176 1703 333 1748 limine
371 1705 655 1759 excessisset,
701 1721 802 1748 ecce
842 1721 952 1764 puer
987 1721 1102 1764 equo
1139 1705 1359 1758 insidens,
1405 1706 1686 1764 rhedamque

177 1773 376 1827 trahens,
417 1774 644 1834 angiporti
681 1774 896 1828 medium,
932 1790 1012 1832 per
1046 1775 1168 1832 quod
1207 1775 1484 1817 transiturus
1518 1774 1683 1829 fuerat,

177 1842 442 1900 occupabat.
466 1842 541 1885 Ad
568 1859 704 1900 quem
727 1843 917 1885 clericus
945 1857 954 1888 ζ
982 1862 1002 1883 «
1034 1843 1129 1897 Sta,
1159 1843 1322 1901 inquit,
1353 1844 1495 1886 donec
1529 1849 1687 1886 sancta

176 1915 462 1968 praetereant.
509 1930 529 1951 »
581 1911 787 1969 Cumque
829 1912 1102 1969 praeterisset
1142 1913 1259 1954 lator
1306 1928 1482 1965 eorum,
1531 1918 1576 1955 et
1611 1912 1687 1955 ille

177 1979 402 2023 caballum
444 1995 604 2038 urgere
646 1980 873 2038 coepisset,
921 1981 978 2023 ad
1007 1981 1324 2039 repetitionem
1365 1980 1541 2024 itineris
1581 1997 1688 2023 nus—

178 2063 315 2107 quam
335 2048 445 2091 eniti
463 2049 626 2106 potuit.
653 2049 752 2101 Quo
772 2050 1017 2107 respiciens
1039 2049 1114 2092 ille
1141 2049 1218 2108 qui
1240 2049 1411 2092 ferebat
1439 2050 1654 2108 reliquias
1676 2067 1684 2091 ε

181 2135 202 2157 «
226 2116 367 2171 Vade,
403 2117 568 2176 inquit,
598 2118 643 2159 in
670 2118 851 2160 nomine
877 2119 1076 2161 Domini.
1115 2137 1134 2158 »
1163 2118 1220 2161 Et
1264 2118 1348 2161 hoc
1390 2118 1511 2162 dicto
1542 2134 1687 2176 equus

179 2185 348 2244 pariter
370 2190 415 2228 et
438 2185 573 2228 rheda
602 2187 904 2244 progreditur.
936 2188 1050 2230 Ecce
1086 2203 1186 2245 quae
1222 2188 1268 2229 in
1303 2187 1447 2230 Maria
1477 2192 1683 2244 praestas,

179 2269 406 2313 quamque
432 2255 734 2298 reverentiam
755 2255 841 2298 sibi
862 2256 1046 2314 exigit‘ss.

222 2386 254 2408 a.
288 2375 516 2410 Turconicus
539 2377 584 2409 D.
604 2395 644 2401 —
660 2377 696 2410 b.
724 2377 823 2410 Corr.
853 2378 897 2410 de
922 2377 965 2410 D.
997 2377 1143 2411 domine
1170 2378 1211 2410 B.
1230 2397 1272 2402 —
1296 2388 1326 2411 c.
1355 2378 1503 2410 dioecesi
1530 2378 1573 2411 D.
1595 2397 1636 2402 --
1652 2379 1687 2411 d.

181 2418 378 2462 quamdam
396 2418 442 2451 D.
479 2452 482 2454 ,

224 2574 254 2602 1.
279 2571 327 2603 Ce
345 2571 491 2603 miracle
512 2571 604 2603 n’est
630 2581 694 2611 pas
719 2571 891 2612 rapport&
920 2582 984 2613 par
1003 2572 1174 2604 Herman.
1200 2572 1228 2604 11
1247 2582 1285 2603 se
1310 2563 1480 2603 retrouve
1499 2572 1615 2613 parmi
1635 2572 1688 2603 les

183 2613 349 2645 miracles
365 2614 410 2645 de
427 2614 484 2644 N.-
497 2613 538 2644 Dv
561 2614 604 2644 de
623 2612 792 2644 Soissons
811 2614 854 2645 de
876 2614 1022 2654 Hugues
1041 2615 1170 2653 Farsit,
1192 2614 1394 2645 Libellus...
1415 2614 1457 2645 de
1486 2613 1687 2653 miraculis,

182 2655 272 2686 dans
295 2654 339 2686 D.
368 2654 551 2693 Germain,
576 2654 736 2686 Histoire
760 2655 802 2687 de
830 2655 935 2687 N.-D.
965 2656 1007 2687 de
1034 2656 1210 2694 Soissons,
1232 2656 1404 2694 preuves,
1446 2666 1521 2696 par.
1551 2654 1687 2694 XXIII,

183 2695 375 2812 pjtiisss'est
401 2738 677 2811 probabliengcxgt
704 2739 735 2770 lc
754 2739 899 2770 min-acle
917 2739 961 2770 dc
980 2739 1151 2771 Chartrcs
1178 2739 1324 2771 racontc
1346 2750 1410 2780 par
1430 2738 1601 2775 IIcrman,
1631 2748 1688 2780 op.

182 2789 216 2811 σι
236 2805 257 2819 .,
295 2791 344 2819 .1,
364 2790 395 2812 c.
417 2791 491 2820 xm,
509 2791 576 2812 co.
625 2797 670 2812 ι.
