1930 3224
0 2753 10 2783 *v

0 2785 6 2808 l

534 259 634 288 VEN.
670 258 864 287 ι’,υιΒΕΒΤι
898 259 1008 288 virm
1036 259 1157 288 mmm
1191 259 1235 286 ιιι
1543 244 1621 287 179

106 358 466 416 redemptionem
483 357 712 416 quoslibet
745 362 940 415 cogeret,
970 357 1053 399 hos
1086 357 1309 400 testiculis
1337 356 1623 415 appendebat

106 426 287 486 propria
305 425 579 484 aliquotiens
594 441 746 479 manu,
765 426 931 485 quibus
947 442 1063 484 saepe
1084 441 1297 483 corporea
1320 426 1438 468 mole
1460 425 1623 483 abrup-

107 494 183 548 tis,
215 495 398 554 >eruptio
417 494 586 552 pariter
609 494 818 537 vitalium
845 510 936 537 non
968 494 1204 548 tardabat;
1238 494 1367 536 alteri
1400 509 1623 552 suspenso

66 605 70 608 .
109 579 189 625 per
221 563 410 622 pollices
440 567 517 606 aut
551 578 629 621 per
643 562 741 621 ipsa
756 562 983 620 pudenda,
1021 579 1130 605 saxo
1172 563 1308 605 etiam
1340 562 1623 621 superposito

110 633 322 678 humeros
354 631 698 690 comprimebat,
735 637 786 678 fet
814 631 912 689 ipse
948 633 1106 674 subter
1134 631 1433 674 obambulans
1459 640 1494 684 ³,
1520 647 1624 674 cum

112 699 234 759 quod
246 699 412 743 habere
427 715 518 742 non
531 704 739 757 poterant
751 699 773 726 Ι)
787 700 843 741 ab
856 700 921 742 eis
932 704 1199 758 extorquere
1213 716 1303 742 non
1311 705 1464 757 posset
1474 735 1482 752 ,
1494 700 1626 742 fusti-

111 769 197 813 bus
212 784 347 827 super
366 784 522 811 eorum
537 784 723 826 corpora
744 768 943 810 tamdiuc
967 768 1288 822 bachabaturd,
1310 769 1454 811 donec
1476 768 1516 810 ei
1532 769 1625 826 pla-

113 837 261 881 centia
287 836 579 895 sponderent,
610 841 687 879 aut
722 837 768 878 in
795 837 941 894 poenis
977 842 1274 880 morerentur.
1310 837 1408 879 Dici
1448 837 1503 879 ab
1530 837 1625 879 ullo

47 926 50 928 ’
112 921 200 950 non
223 910 390 965 potest,
411 910 523 964 quot
546 905 592 947 in
619 904 717 962 ejus
744 905 997 948 carceribus
1026 905 1159 958 fame,
1182 906 1303 958 tabo,
1331 906 1623 958 cruciatibus,

111 979 156 1018 et
188 974 234 1017 in
268 974 367 1033 ejus
387 974 584 1017 vinculis
609 974 911 1032 expirarunt?
930 974 1063 1029 Certe
1087 980 1191 1017 ante
1216 975 1301 1016 hos
1324 975 1438 1017 duos
1462 990 1622 1027 annos,

57 1069 60 1072 ·
110 1058 215 1086 cum
253 1043 299 1086 in
344 1043 550 1086 Montem
583 1042 934 1085 Suessonicum¹
973 1048 1127 1086 contra
1168 1044 1390 1101 quosdam
1433 1043 1626 1085 rusticos

111 1117 246 1170 opem
287 1111 469 1154 cuidam
510 1112 687 1154 laturus
726 1111 913 1164 abisset,
938 1116 1028 1154 tres
1062 1127 1116 1154 ex.
1152 1111 1244 1153 illis
1276 1112 1319 1153 in
1353 1111 1547 1170 quadam
1578 1127 1626 1153 se

112 1179 383 1223 occulueref
408 1195 544 1241 cavea
567 1195 576 1233 ς
607 1195 802 1238 cumque
832 1179 887 1222 ad
915 1196 991 1222 ora
1020 1180 1162 1237 spelei
1183 1196 1287 1222 cum
1315 1180 1469 1223 lancea
1495 1180 1628 1222 deve-

110 1249 270 1302 nisset,
315 1249 450 1291 unius
492 1264 547 1290 ex
573 1248 639 1290 eis
671 1248 736 1290 ori
773 1248 915 1290 telum
950 1249 1200 1306 appodians
1238 1249 1301 1291 sic
1335 1250 1541 1307 impegit,
1577 1255 1628 1291 ut

111 1317 358 1360 interaneis
384 1316 622 1360 terebratis
659 1333 738 1374 per
768 1317 974 1375 podicem
1007 1317 1176 1359 ferrum
1216 1318 1382 1360 lancem,
1421 1317 1627 1360 reddere-

112 1391 204 1430 tur.
234 1385 354 1438 Quid
376 1401 626 1444 prosequor
654 1385 862 1428 infinita?
889 1386 975 1427 Per
1001 1386 1152 1444 ipsum
1186 1386 1273 1428 duo
1310 1387 1423 1428 inibi
1460 1387 1628 1429 residui

113 1454 300 1513 periere.
338 1453 530 1507 Quidam
563 1454 700 1496 etiam
737 1454 792 1496 de
834 1454 1026 1512 captivis
1063 1455 1243 1497 saucius
1277 1455 1501 1513 proficisci
1538 1471 1627 1497 non

113 1528 306 1582 poterat.
338 1523 592 1579 Interrogat
613 1522 859 1576 hominem,
895 1538 974 1565 cur
1001 1539 1090 1565 non
1121 1523 1254 1565 celeri
1287 1524 1431 1580 gradu
1465 1524 1627 1580 grade-

113 1595 288 1635 retur'v.
336 1591 418 1634 Ille
447 1606 495 1633 se
522 1607 614 1634 non
656 1607 788 1649 posse
828 1592 1107 1650 respondith.
1141 1611 1160 1632 «
1205 1593 1301 1645 Sta,
1349 1592 1513 1650 inquit,
1544 1609 1627 1648 ego

112 1660 294 1714 faciam,
329 1664 381 1703 ut
411 1675 531 1718 aegre
566 1676 817 1718 properes»
850 1696 858 1713 ,
902 1676 1107 1718 equoque
1144 1661 1376 1714 desiliens,
1406 1661 1559 1719 gladio
1588 1662 1627 1703 ei

113 1734 358 1786 utrumque
394 1729 586 1771 succidit
631 1729 809 1786 pedem,
847 1729 965 1792 unde
1011 1734 1056 1771 et
1082 1734 1288 1772 mortuus
1323 1735 1405 1772 est.
1442 1730 1627 1772 Frustra

114 1803 354 1841 contexam
390 1796 654 1855 hujusmodi
687 1802 854 1855 pestes,
887 1812 990 1839 cum
1026 1797 1138 1839 alias
1178 1813 1261 1840 nos
1305 1797 1508 1841 maneati
1536 1814 1628 1840 non

115 1866 265 1909 minor
287 1865 464 1909 occasio
485 1865 724 1908 referendi.
750 1866 824 1908 Ad
850 1881 945 1908 rem
962 1866 1159 1910 veniam.

176 1935 277 1993 Ipse
325 1934 514 1978 Gerardi
553 1934 864 1977 interfectores
907 1925 984 1977 diu
1030 1934 1114 1977 sub
1157 1936 1627 1978 excommunicatione

116 2003 318 2057 retinuit,
355 2003 432 2046 diu
462 2003 590 2056 fovit,
626 2003 852 2045 neminem
891 2019 981 2046 non
1018 2004 1423 2046 sceleratissimum
1467 2005 1625 2057 coluit,

117 2072 190 2116 cui
224 2071 339 2115 illud
375 2071 722 2115 salustianum2
761 2072 912 2129 potius
960 2088 1095 2130 quam
1138 2072 1347 2115 Catilinae
1399 2073 1623 2131 congruit,

116 2141 222 2200 quia
244 2141 386 2199 gratis
413 2141 560 2183 malus
584 2145 719 2199 atque
747 2140 941 2183 crudelis
982 2146 1092 2184 erat.
1137 2141 1211 2183 Ad
1248 2142 1368 2184 hunc
1399 2158 1506 2200 ergo
1545 2158 1625 2199 pro

117 2209 299 2252 cumulo
323 2209 547 2252 malorum
565 2208 828 2267 dirigentes,
851 2214 912 2263 et,
936 2213 986 2252 ut
1007 2211 1063 2252 ad
1081 2226 1127 2252 se
1155 2210 1330 2252 veniret
1352 2226 1491 2268 seque
1516 2226 1625 2253 con.-

166 2350 198 2373 a.
219 2339 415 2372 ambulans
430 2340 549 2371 Du.—
571 2339 605 2371 b.
626 2342 768 2382 poterat
787 2340 856 2377 Du,
876 2341 921 2372 D.
943 2359 983 2364 —
997 2351 1026 2372 c.
1047 2341 1174 2373 tandiu
1194 2342 1262 2373 Du.
1283 2342 1367 2373 —d.
1384 2341 1632 2374 bacchabatur

118 2382 162 2414 D.
185 2400 227 2406 -—
247 2391 278 2415 c.
305 2382 568 2424 expiraverunt
585 2381 655 2414 Du.
687 2400 723 2405 —
737 2382 764 2422 f.
787 2382 887 2413 Corr.
907 2383 951 2414 de
972 2383 1016 2414 D.
1038 2383 1209 2415 oculuere
1229 2384 1267 2415 Β.
1287 2402 1326 2406 -
1343 2394 1379 2425 9.
1410 2383 1628 2426 yradiretur

121 2423 261 2498 Duff—
286 2424 321 2456 h.
342 2423 530 2470 respondit
566 2433 602 2455 se
632 2434 703 2455 non
731 2434 837 2465 posse
862 2424 906 2456 D.
931 2443 971 2447 -
999 2424 1021 2456 i.
1046 2425 1200 2464 Lacune,
1233 2436 1279 2456 ou
1307 2426 1468 2466 corriger
1494 2436 1556 2457 nos
1587 2436 1630 2456 en

108 2475 165 2498 ·ηο
195 2476 240 2498 ιε.
615 2490 618 2492 -

160 2605 190 2634 1.
215 2600 455 2642 Αιι,ὀιιι·ᾱ’1ιιιὶ
484 2602 632 2634 lieu-dit
655 2602 749 2633 dela
774 2611 966 2634 commune
994 2603 1038 2634 de
1066 2604 1231 2642 Serchcs,
1258 2606 1391 2635 canton
1416 2605 1459 2635 de
1484 2605 1627 2643 Braine,

120 2654 188 2676 arr.
208 2644 252 2675 de
299 2643 454 2683 oissons,
473 2644 554 2684 dep.
584 2644 628 2674 de
651 2644 801 2675 l‘Aisne.
826 2644 871 2674 Le
896 2644 1000 2676 Mont
1017 2645 1061 2676 de
1086 2645 1255 2677 Soissons
1271 2646 1431 2677 relevant
1450 2647 1492 2677 de
1513 2647 1544 2678 la
1562 2647 1631 2677 sci-

121 2685 271 2726 gneurie
287 2685 331 2716 de
350 2685 595 2725 Pierrefonds,
612 2684 700 2716 c‘est
715 2695 799 2716 sans
817 2686 926 2717 doute
945 2696 988 2717 au
1004 2689 1123 2718 comte
1141 2687 1184 2718 de
1203 2688 1372 2718 Soissons
1388 2699 1457 2728 quc
1476 2688 1631 2719 Thomas

124 2727 169 2759 de
186 2727 300 2758 Marle
316 2727 453 2768 portait
470 2728 562 2759 aide.

165 2772 194 2800 2.
221 2768 376 2800 Guibert
399 2769 466 2800 fait
489 2769 535 2800 ici
562 2769 717 2800 allusion
744 2779 788 2799 au
812 2779 843 2800 c.
870 2779 915 2799 xv
931 2770 979 2800 du
1008 2770 1058 2801 De
1083 2770 1249 2802 Catilinae
1275 2771 1531 2812 conjuratione
1560 2771 1628 2810 (cd.

125 2810 168 2842 K.
189 2810 337 2842 Dietsch
361 2810 569 2852 (Teubner),
590 2821 623 2851 p.
646 2811 728 2851 7-8).
1118 2819 1122 2825 ·
