1930 3224
1707 22 1720 34 Ἰ.

299 236 354 278 96
713 253 808 281 VEN.
847 252 1038 281 Guissnn'ri
1073 241 1178 282 vim*
1208 254 1325 281 maiza
1360 254 1373 281 1

299 348 522 406 ineptiis1.
548 350 630 391 Die
655 365 759 407 ergo
775 351 970 408 quadam
994 366 1074 392 suo
1098 366 1200 393 cum
1227 351 1534 394 contubernali
1561 368 1583 394 a
1608 351 1798 408 negotio-

299 417 513 458 redeunte
532 417 653 459 domi
677 418 911 470 sedebam,
941 433 1075 475 quem
1096 434 1198 460 cum
1224 434 1354 476 porro
1378 419 1614 472 vidissent,
1637 419 1786 463 diver-

296 484 486 526 ticulum
506 485 682 527 mulieri
709 501 798 527 non
821 486 983 542 patuit,
1007 486 1085 528 sed
1111 487 1258 528 exitus
1284 486 1379 543 ejus
1411 487 1604 530 reditum
1631 502 1788 531 mona-

297 552 369 594 chi
393 552 661 594 offendebat.
701 553 938 610 Trepidam
970 554 1120 612 itaque
1153 570 1297 596 novus
1324 554 1576 597 incantator
1606 555 1786 598 intuens

299 620 466 662 sociam
495 633 504 663 :
547 639 567 659 «
603 620 743 672 Vade,
794 621 872 673 ait,
921 621 967 663 in
1006 637 1240 663 occursum
1280 622 1520 675 venientis,
1562 638 1787 682 nusquam

297 687 453 730 dextra
481 687 699 745 levaqueb
721 688 981 746 respiciens,
1010 689 1074 730 nil
1106 690 1357 732 verearis».
1386 690 1586 733 Credidit
1606 690 1787 734 foemina

298 760 343 798 et
378 756 612 813 processit.
651 756 732 798 Ille
764 771 870 798 vero
907 757 1110 798 substitit
1136 757 1180 798 in
1211 757 1343 810 ostio,
1372 763 1417 800 et
1443 763 1720 816 praecantans
1747 758 1787 801 ei

297 839 396 880 quae
437 823 668 876 didicerat,
716 824 762 865 in
798 839 954 866 canem
990 840 1087 866 eam
1132 825 1354 867 convertit
1390 825 1783 868 immanissimum.

298 891 406 943 Quae
430 907 532 933 cum
554 882 758 934 redeunti
782 892 1001 934 monacho
1025 892 1371 950 propinquasset
1395 907 1403 936 1
1424 911 1443 932 «
1467 894 1592 936 Heu!
1621 893 1785 951 inquit,

295 959 415 1001 unde
439 964 592 1001 tantus
608 960 731 1001 canis
751 960 934 1002 advenit
956 961 976 1002 t,7
1007 978 1025 999 »
1063 961 1142 1002 Illa
1182 976 1286 1002 vero
1329 961 1524 1003 multum
1554 961 1786 1019 pavefacta

297 1027 571 1083 pertransiit,
603 1032 783 1069 tantum
814 1043 866 1069 ex
895 1043 946 1069 eo
977 1028 1113 1070 verbo
1141 1029 1224 1070 sub
1255 1044 1342 1085 qua
1375 1029 1520 1086 specie
1547 1029 1784 1081 evasisset,

295 1095 495 1151 agnovit.
514 1095 764 1137 Monachus
791 1095 982 1152 denique
1009 1101 1052 1138 et
1072 1096 1167 1153 ipse
1191 1096 1375 1138 domum
1409 1097 1595 1139 veniens
1622 1097 1787 1154 rogitat

293 1162 413 1204 unde
451 1168 545 1204 tam
573 1163 765 1204 insolitae
804 1164 1128 1220 magnitudinis
1154 1164 1278 1205 canis
1304 1165 1548 1207 emerserit.
1574 1182 1595 1204 «
1621 1163 1784 1217 Vicini,

294 1230 456 1288 inquit,
481 1231 602 1272 illius
638 1231 780 1273 nostri
820 1236 902 1273 est.
942 1231 1101 1273 Nonne
1137 1247 1239 1273 eum
1262 1232 1357 1289 jam
1389 1232 1559 1274 dudum
1586 1232 1739 1275 nosti?
1763 1249 1784 1271 »
1833 1239 1836 1243 ’

295 1298 366 1357 Sic
399 1299 538 1351 siluit,
582 1299 690 1341 dum
719 1314 822 1341 vera
867 1304 1008 1355 putat.
1052 1300 1139 1341 Diu
1171 1300 1309 1356 igitur
1354 1300 1449 1342 sine
1483 1301 1576 1342 Deo
1608 1300 1784 1352 vivens,

296 1367 478 1408 demum
500 1367 627 1423 gravi
649 1367 822 1418 morbo,
852 1368 946 1409 Deo
972 1367 1261 1424 propitiante,
1292 1368 1555 1424 percutitur,
1588 1371 1648 1420 et,
1678 1367 1788 1421 velit

294 1433 424 1486 nolit,
442 1434 562 1491 quod
582 1439 782 1490 gesserat
800 1436 1051 1477 confitetur.
1079 1435 1167 1476 Res
1183 1435 1239 1477 ad
1254 1435 1476 1492 judicium
1497 1435 1784 1492 sapientium,

295 1506 339 1544 et
359 1502 553 1543 maxime
585 1502 793 1544 Ansellic
820 1502 1156 1544 Cantuariensis
1177 1503 1193 1530 ‘2
1224 1503 1513 1559 postmodum
1546 1503 1787 1560 archiepis-

293 1569 408 1626 copi,
435 1575 543 1611 tunc
565 1570 826 1612 Beccensis3
847 1571 1038 1623 abbatis,
1067 1575 1350 1628 provocatur,
1369 1575 1412 1612 et
1428 1571 1511 1612 sub
1538 1571 1634 1629 ejus
1649 1570 1787 1628 potis-

293 1637 459 1678 simum
476 1653 680 1690 censura,
700 1638 756 1679 ab
780 1638 901 1679 omni
922 1638 1177 1680 divinorum
1193 1638 1511 1693 mysteriorum
1538 1638 1785 1681 ministerio

294 1720 448 1746 eorum
472 1705 791 1762 spurcissimus
815 1705 1151 1763 prophanator‘Jl
1171 1705 1405 1748 abicitur0.
1435 1706 1485 1748 In
1522 1722 1609 1763 qua
1631 1711 1784 1748 tamen

292 1772 575 1815 abstentione
622 1773 812 1830 positus,
857 1789 1088 1831 nunquam
1133 1773 1188 1815 ab
1224 1773 1320 1830 ejus
1370 1773 1519 1815 animo
1557 1774 1786 1816 obliterari

293 1845 483 1898 poterat,
514 1841 621 1898 quin
656 1841 800 1883 adhuc
834 1841 1010 1883 futurus
1050 1846 1169 1883 esset
1207 1841 1460 1899 episcopus.
1488 1841 1634 1893 Quam
1660 1857 1786 1899 spem

292 1909 475 1951 indubie
514 1914 745 1967 acceperat
777 1925 800 1951 a
834 1909 1128 1962 daemonibus,
1174 1924 1350 1967 semper
1386 1909 1584 1967 quidem,
1632 1914 1677 1951 et
1714 1909 1786 1951 hic

291 1992 469 2033 quoque
490 1977 798 2029 mendacibus,
817 1977 919 2034 quia
941 1981 1044 2018 ante
1066 1993 1231 2034 paucos
1251 1992 1392 2019 annos
1410 1992 1500 2018 non
1516 1977 1648 2019 modo
1669 1992 1756 2019 non
1769 1977 1788 2011 Γ

292 2044 513 2101 pontifex,
545 2045 621 2087 sed
649 2045 694 2086 in
715 2050 932 2086 aeternum
950 2045 1240 2101 expresbyter
1260 2050 1327 2086 est
1351 2044 1603 2087 defunctus.

352 2112 570 2154 Attexam
606 2112 839 2170 cujusdam
866 2113 1061 2165 initium,
1086 2113 1163 2155 sed
1194 2113 1367 2154 meliori
1387 2113 1474 2155 fine
1504 2113 1781 2156 conclusum.

294 2179 487 2231 Quidam
511 2180 699 2222 clericus
719 2181 764 2221 in
781 2180 1044 2222 Belvacensi
1066 2196 1180 2237 pago
1204 2181 1450 2237 scriptandi
1470 2186 1563 2223 arte
1585 2181 1783 2233 vivebat,

293 2264 427 2306 quem
449 2253 492 2289 et
513 2264 594 2305 ego
617 2263 846 2301 noveram,
872 2264 976 2290 nam
1001 2248 1197 2290 Flaviaci
1221 2249 1266 2290 in
1293 2249 1377 2290 hoc
1404 2249 1501 2306 ipso
1525 2264 1655 2306 opere
1678 2264 1787 2291 con—

330 2370 361 2391 1.
381 2359 599 2390 sedebantss
621 2360 670 2393 (ct
689 2360 742 2400 DJ.
763 2359 854 2391 -ὸ,
873 2359 1032 2401 l=a1200q11
1048 2360 1090 2391 D.
1111 2370 1195 2390 -(,·.
1218 2360 1440 2391 inselmiD.
1458 2360 1545 2391 —d.
1562 2359 1782 2401 profanator

293 2400 337 2432 D.
356 2419 397 2424 —-
417 2411 446 2432 e.
478 2394 657 2442 abjicitur
675 2401 717 2432 I).
733 2419 774 2424 —
790 2401 817 2440 f.
838 2411 991 2442 manquc
1010 2401 1036 2431 B
1062 2401 1111 2442 (ct
1128 2402 1180 2442 BJ.

338 2569 362 2598 l.
391 2567 488 2597 Dans
510 2577 664 2607 presque
683 2569 783 2597 toute
812 2570 906 2598 cette
926 2577 1044 2606 scene,
1067 2567 1098 2598 lc
1125 2570 1220 2598 texte
1235 2568 1279 2598 de
1297 2567 1452 2599 Guibcit
1470 2570 1526 2599 est
1543 2570 1577 2599 ti
1579 2568 1617 2599 es
1635 2567 1784 2599 obscui:

291 2618 337 2638 on
365 2618 407 2638 nc
431 2609 504 2639 s'en
526 2608 734 2648 repit'gsentc
765 2618 829 2648 pas
852 2608 936 2639 bien
963 2609 1015 2639 les
1037 2592 1169 2639 ’details
1195 2611 1231 2639 et
1253 2610 1285 2639 la
1298 2609 1403 2648 suite,
1424 2619 1467 2640 en
1497 2610 1654 2650 quelque
1678 2611 1784 2650 place

292 2649 351 2690 qu
357 2659 402 2679 on
422 2659 465 2680 en
487 2649 633 2689 disposc
652 2649 704 2680 les
722 2659 786 2689 pei
790 2659 978 2689 sonnagcs.

338 2694 365 2720 2.
394 2691 436 2721 Υ.
459 2701 491 2730 p.
512 2694 563 2729 66,
583 2701 617 2721 n.
640 2694 669 2722 3.

333 2736 361 2763 3
389 2731 413 2761 l
418 2732 568 2772 abbaye
587 2733 634 2762 du
656 2732 727 2762 Bcc
746 2732 874 2772 (bourg
889 2732 1027 2772 dudep.
1044 2733 1087 2762 dc
1107 2733 1157 2763 ΓΕ
1162 2743 1233 2769 iii-,c
1248 2743 1315 2763 air.
1335 2733 1378 2763 dc
1397 2733 1511 2764 Bet-na
1512 2734 1548 2774 y)
1569 2733 1623 2764 sut
1655 2732 1784 2764 sondee

291 2782 334 2803 cn
363 2775 440 2802 1031
466 2783 531 2813 pai
549 2773 720 2803 lleilouin
746 2783 791 2803 ou
811 2773 982 2804 Hcllouin
1011 2774 1069 2814 qui
1099 2784 1141 2804 cu
1166 2775 1218 2805 sut
1246 2775 1276 2805 lc
1301 2774 1456 2815 piemici·
1480 2744 1572 2805 abbe
1601 2775 1659 2807 (cf.
1689 2774 1773 2806 Gall

292 2814 436 2845 Christ..
461 2817 483 2844 1.
503 2814 562 2851 xl
579 2814 646 2844 col.
667 2817 757 2844 216>
743 2815 823 2855 ·.q.J
