1930 3224
0 939 3 946 κ
0 880 2 897 ψ
0 788 10 832 w
0 525 16 779 vv*qW*-v-5qu-g-v,&
0 438 13 514 «ν’-ν’
0 354 13 429 ’Ψ
0 331 2 343 “
0 289 12 321 ΨΜ
15 267 18 269 y

58 491 71 500 Ι

586 235 684 265 νΕΝ.
722 235 914 264 Gulssssuu
949 235 1054 264 vlm
1084 235 1207 263 mnan
1240 234 1284 262 111
1589 220 1666 263 171

170 350 175 353 ’
225 335 290 381 At
307 350 546 394 procerum
566 334 784 393 conjuges
805 334 999 393 qualiter
1025 333 1109 377 sub
1131 338 1257 377 tanto
1284 334 1466 391 negotio
1494 349 1541 376 se
1568 349 1671 392 ege—

165 403 272 458 rint,
295 403 460 446 referre
479 419 571 456 non
598 404 735 462 piget.
773 403 1056 446 Vicedomini
1086 402 1261 445 Adonis
1278 418 1408 455 uxor,
1433 402 1593 444 videns
1616 402 1672 445 ad

162 472 534 531 partesepiscopi
560 472 774 515 maritum
801 477 897 514 orta
943 472 1161 515 seditione
1188 471 1448 525 concedere,
1489 471 1671 529 opinata

162 541 408 585 instantem
432 546 640 594 mortem,
668 541 804 599 coepit
823 541 1003 583 veniam
1027 540 1082 583 ab
1109 556 1176 593 eo,
1204 540 1243 582 si
1260 555 1361 599 quae
1385 545 1539 583 contra
1567 555 1672 582 eum

163 610 480 666 commisisset,
512 614 683 668 petere;
707 615 767 664 et,
795 625 842 652 se
862 610 1116 652 diutissime
1143 625 1247 651 cum
1272 609 1516 667 ejulatibus
1543 624 1672 651 cons-

161 678 507 737 tringentibusfl,
520 683 565 722 et
578 678 730 721 oscula
745 684 946 722 extrema
958 677 1206 721 libantibus
1215 677 1251 731 ἱ),
1270 694 1373 720 cum
1385 678 1462 720 illa
1474 678 1642 720 diceret
1659 692 1667 721 :

165 765 187 789 α
213 747 306 792 Cur
322 763 393 791 me
421 747 506 790 sub
527 747 692 804 gladiis
712 747 967 790 urbicorum
989 747 1265 805 derelinquis
1284 749 1304 790 ἰ)
1335 765 1354 786 »
1388 746 1481 801 ille,
1516 762 1673 805 appre-

163 816 530 869 hensa‘mulier-is
552 815 727 869 dextra,
751 816 954 859 lanceam
983 831 1118 858 manu
1140 821 1316 868 tenens,
1352 831 1455 858 cum
1492 815 1672 874 dispen-

165 885 304 928 satori
330 885 620 944 praecepisset
651 885 860 943 clypeum
901 889 1003 942 post
1042 900 1088 927 se
1113 884 1226 927 ferre
1260 885 1373 943 (erat
1423 890 1575 927 autem
1617 885 1672 927 de

163 953 423 1013 primordiis
443 954 754 1011 proditorum),
783 954 878 1012 ipse
903 969 992 995 non
1017 953 1166 996 solum
1192 958 1298 1010 post
1325 969 1429 996 eum
1460 953 1671 1011 clypeum

163 1038 256 1066 non
274 1023 396 1076 tulit,
430 1022 525 1069 sed,
550 1038 651 1064 eum
692 1023 800 1065 dure
835 1022 972 1065 verbo
1000 1019 1307 1076 reverberans,
1353 1038 1378 1064 a
1406 1027 1534 1079 tergo
1569 1037 1671 1067 eum

162 1091 377 1150 impegit:
395 1091 492 1150 jam
514 1107 622 1148 ergo
645 1107 765 1144 eum,
793 1092 921 1150 cujus
943 1107 1100 1134 servus
1130 1096 1240 1143 erat,
1287 1106 1378 1133 non
1416 1096 1563 1144 norat,
1599 1091 1672 1133 cui

163 1165 282 1215 cette
309 1161 426 1203 inter
461 1160 775 1218 prandendum
805 1161 940 1218 paulo
973 1165 1077 1203 ante
1106 1160 1338 1202 servierat.
1378 1160 1463 1202 Per
1499 1160 1671 1202 medias

163 1230 315 1287 itaque
335 1232 506 1273 turm'as
521 1228 704 1271 defensa
719 1245 874 1281 uxore,
894 1229 1009 1271 intra
1030 1229 1213 1271 domum
1234 1228 1418 1271 tandem
1434 1228 1670 1286 cujusdam

164 1298 349 1357 portarii
369 1298 567 1356 episcopi
595 1313 694 1340 eam
721 1298 929 1340 occuluit.
957 1297 1067 1350 Quae
1090 1313 1194 1340 cum
1224 1297 1414 1340 vidisset
1446 1298 1672 1340 assaltusC

163 1371 210 1410 et
231 1367 461 1426 subjectos
492 1366 664 1409 aedibus
690 1367 834 1423 ignes,
877 1367 922 1408 in
967 1366 1137 1423 fugam,
1163 1382 1431 1424 quocunque
1481 1365 1673 1408 ducebat

165 1435 361 1488 fortuna,
388 1436 682 1479 convertitur.
712 1435 838 1488 Quae,
863 1451 965 1477 cum
996 1435 1246 1492 burgenses
1267 1435 1440 1492 aliquot
1462 1435 1672 1476 foeminas

166 1504 446 1557 offendisset,
492 1509 619 1562 rapta
652 1504 708 1546 ab
742 1504 821 1557 eis,
858 1504 1116 1562 pugnisque
1157 1504 1351 1562 pulsata,
1382 1509 1427 1546 et
1454 1503 1672 1561 preciosis

114 1603 118 1607 ›
167 1589 281 1631 quas
323 1572 518 1616 habebat
544 1573 748 1615 vestibus
785 1573 993 1631 spoliata,
1040 1573 1115 1615 vix
1165 1573 1222 1615 ad
1256 1572 1474 1615 Sanctum
1504 1572 1668 1630 potuit,

164 1647 345 1700 sumpta
367 1642 725 1685 sanctimonialis
746 1647 888 1696 veste,
917 1642 1153 1699 pervenire
1180 1642 1490 1684 Vincentium.

222 1711 285 1753 At
308 1710 577 1754 consobrina
597 1726 712 1765 mea,
740 1711 998 1753 discedente
1021 1711 1197 1759 marito,
1224 1715 1483 1768 contempta
1508 1710 1672 1767 vsupel-

162 1779 301 1822 lectili
321 1779 499 1828 domus,
529 1779 671 1821 solam
701 1779 787 1821 sibi
811 1780 1035 1822 lacernam
1073 1780 1288 1831 retinens,
1350 1794 1545 1833 murum,
1583 1795 1672 1836 quo

161 1864 293 1891 suum
313 1847 631 1890 viridiariumd
657 1847 937 1906 cingebatur,
977 1849 1097 1890 virili
1124 1848 1355 1891 alacritate
1389 1847 1669 1901 conscendit,

163 1917 371 1975 saltuque
417 1916 579 1960 exinde
622 1917 805 1960 desiliit.
864 1916 971 1959 Inde
1019 1917 1062 1959 in
1108 1916 1390 1975 pauperculae
1436 1916 1673 1975 cujusdam

163 1991 343 2044 recepta
370 1986 620 2043 tugurium,
645 2002 747 2028 cum
773 1990 1035 2043 grassantes
1057 1990 1159 2044 post
1188 1985 1415 2027 modicum
1455 1985 1673 2027 sensisset

165 2056 389 2105 flammas,
421 2055 624 2112 prorupit
642 2055 699 2097 ad
723 2055 906 2108 ostium,
924 2055 1046 2112 quod
1070 2070 1182 2098 anus
1207 2059 1331 2097 extra
1366 2054 1671 2106 obseraverat,

167 2127 227 2175 et,
251 2123 401 2182 lapide
422 2123 563 2166 fracta
585 2139 698 2177 sera,
730 2140 751 2166 a
775 2124 970 2182 quadam
993 2123 1341 2176 sanctimoniali,
1360 2127 1551 2181 cognata
1573 2138 1669 2175 sua,

167 2193 408 2251 impetrato
423 2192 582 2235 habitu
615 2197 658 2235 et
684 2192 785 2235 velo
810 2208 856 2235 se
895 2198 1156 2249 contegens,
1197 2198 1241 2235 et
1267 2192 1385 2234 inter
1428 2192 1674 2234 monachas

165 2261 405 2304 fovendam
427 2277 474 2303 se
513 2261 717 2315 credens,
741 2277 859 2314 cum,
891 2262 1095 2304 incendia
1119 2262 1230 2304 inibi
1256 2261 1265 2290 ¹
1289 2260 1462 2303 fervere
1493 2260 1671 2318 conspi-

164 2330 305 2383 ciens,
332 2330 589 2373 retorsisset
611 2330 818 2387 gradum,
843 2331 890 2372 in
911 2331 1097 2373 domum
1121 2330 1350 2389 quandam
1384 2330 1671 2372 remotiorem

163 2414 211 2442 se
229 2399 439 2452 contulit,
457 2399 601 2442 donec
622 2399 836 2457 postridie
859 2415 881 2442 a
903 2399 1165 2457 parentibus
1183 2399 1374 2458 quaesita
1398 2398 1667 2455 comparuit,

164 2472 331 2527 ettunc
352 2467 570 2520 dolorem,
593 2467 729 2521 {ruem
746 2484 880 2526 super
901 2474 1025 2511 metu
1047 2469 1206 2510 mortis
1227 2469 1462 2521 habuerat,
1488 2467 1534 2509 in
1552 2466 1673 2509 rabi-

167 2536 338 2579 diorem
365 2552 500 2595 super
520 2538 683 2579 marito
706 2537 914 2580 mutavit.

210 2649 241 2671 a.
261 2641 555 2683 constringentes
570 2641 596 2672 B
616 2642 666 2681 (et
680 2641 736 2681 D).
765 2659 804 2664 -—-
821 2641 855 2673 b.
875 2640 1029 2673 libantes
1048 2642 1075 2672 B
1095 2642 1142 2683 (et
1160 2641 1219 2682 D).
1233 2660 1273 2664 —-
1290 2640 1493 2672 c.assultus
1518 2640 1561 2670 D.
1583 2658 1619 2662 —
1638 2639 1672 2670 d.

170 2681 390 2714 viridarium
405 2683 449 2714 D.

215 2818 243 2846 l.
270 2814 450 2856 L'abbayc
469 2816 512 2846 de
531 2815 753 2847 saint-Jean.
