1930 3224
286 229 371 272 238
882 242 1120 275 'APPEchn
1154 248 1166 274 1

285 357 450 399 eosque
476 342 681 385 ferociter
705 343 960 396 trucidavit,
986 344 1070 386 alia
1090 360 1192 401 pars
1213 345 1365 388 domui
1394 347 1658 390 thesaurarii
1682 349 1770 406 pri·-

285 425 408 452 mum
422 410 570 453 focum
595 409 763 467 injecit,
791 411 844 452 de
866 427 952 468 qua
970 411 1015 453 in
1031 412 1266 455 ecclesiam
1283 415 1535 471 prosiliens,
1561 416 1768 473 pulcher-

284 481 393 522 rime
408 479 566 521 diebus
593 483 716 521 tante
743 479 1091 536 sollempnitatis
1114 486 1317 524 ornatam
1338 482 1551 536 incendit,
1587 483 1768 527 demum

266 548 500 606 palatium
521 547 774 604 episcopale
801 548 1028 604 corripuit.
1064 548 1267 606 Cumque
1288 555 1562 593 cremaretur
1583 552 1770 594 ecclesia

284 621 419 674 atque
441 615 675 673 palatium,
706 614 827 667 dictu
845 615 1046 658 mirabile
1066 617 1074 658 1
1097 616 1202 659 ticio
1217 622 1366 660 utrum
1391 619 1540 660 nescio
1557 635 1614 662 an
1637 619 1769 662 carbo

283 685 340 726 ad
367 683 691 739 monasterium
726 683 954 739 virginum
986 685 1257 739 convolavit,
1287 690 1331 728 et
1369 686 1521 728 Sancti
1549 687 1768 730 Johannis

284 753 512 794 ecclesiam
554 750 846 805 succendenS,
889 750 1015 794 beate
1061 752 1197 795 etiam
1238 753 1394 806 Marie,
1422 770 1507 811 que
1541 755 1766 798 Profunda

283 820 458 871 dicitur,
495 824 539 861 et
564 819 715 862 Sancti
737 819 857 860 Petri
877 819 921 860 in
941 820 1111 862 cineres
1135 822 1369 864 convertit.
1402 823 1628 866 Asserunt
1649 827 1767 866 certe

283 888 357 946 qui
383 887 483 929 huic
504 886 803 929 interfuerunt
825 887 1010 944 flagitio,
1054 889 1113 930 ita
1147 894 1254 931 tunc
1287 890 1403 931 diem
1441 891 1528 933 diei
1564 891 1768 949 sequenti

283 955 594 1009 continuatim,
633 959 683 997 ut
714 954 836 996 nulla
867 956 1011 997 noctis
1041 956 1341 999 occumbitum
1377 958 1611 1015 opacitatis
1640 959 1768 1017 signa

282 1023 602 1080 pretenderint.
628 1022 801 1074 Quibus
821 1039 923 1065 cum
959 1024 1179 1066 obicerem
1211 1025 1460 1068 claritatem
1481 1027 1655 1084 ignium
1681 1027 1766 1070 hoc

282 1091 456 1141 fecisse,
487 1091 779 1133 sacramentis
807 1092 1083 1145 astruebant,
1114 1093 1235 1150 quod
1253 1098 1296 1135 et
1322 1109 1479 1136 verum
1505 1099 1615 1148 erat,
1639 1095 1769 1153 ignes

282 1159 476 1202 interdiu
506 1159 689 1201 obrutos
713 1164 1092 1217 consumptosque
1106 1160 1259 1204 fuisse.
1275 1188 1334 1192 —
1351 1166 1400 1215 [c.
1427 1162 1488 1220 X]
1509 1163 1559 1204 In
1574 1163 1768 1206 crastino

281 1227 434 1285 igitur,
470 1228 682 1285 quoniam
707 1243 837 1269 nemo
865 1243 976 1284 pene
1001 1231 1110 1282 erat,
1135 1230 1210 1286 qui
1236 1229 1392 1286 jacens
1422 1230 1620 1288 episcopi
1638 1231 1767 1274 cada-

281 1311 360 1338 ver
383 1296 478 1337 sine
500 1295 625 1352 jactu
654 1300 730 1337 aut
764 1295 928 1352 probro
959 1297 1231 1354 preterisset,
1263 1298 1478 1354 magister
1500 1298 1763 1351 Anselmus,

283 1364 359 1421 qui
393 1379 439 1405 se
466 1364 692 1416 hesterno,
722 1379 822 1405 cum
852 1364 1010 1406 seditio
1036 1366 1246 1417 estuaret,
1277 1366 1524 1420 abdiderat,
1553 1366 1610 1417 ad,
1632 1366 1767 1424 hujus

282 1431 442 1488 flagitii
474 1436 646 1474 actores
671 1447 825 1488 preces
853 1432 983 1485 fudit,
1009 1437 1059 1474 ut
1089 1433 1331 1483 hominem,
1368 1434 1441 1476 vel
1471 1435 1575 1493 quia
1602 1450 1766 1477 nomen

280 1499 497 1541 habuerat
514 1504 558 1541 et
583 1499 759 1556 insigne
778 1500 1016 1556 pontificis,
1038 1516 1215 1557 quoquo
1244 1501 1376 1543 modo
1393 1502 1566 1544 humari
1585 1503 1765 1561 permit-

280 1572 439 1610 terent.
481 1567 567 1608 Vix
599 1572 818 1609 annuunt.
857 1569 1042 1610 Delatus
1078 1569 1213 1625 igitur
1241 1570 1297 1611 ad
1341 1570 1574 1612 ecclesiam
1613 1570 1766 1613 Sancti

281 1635 520 1688 Vincentii,
546 1640 634 1677 no'n
663 1635 761 1677 dico
786 1636 903 1692 quod
934 1636 1156 1694 episcopo,
1182 1637 1260 1679 sed
1286 1653 1366 1680 nec
1384 1638 1502 1695 quod
1525 1638 1766 1681 christiano

281 1709 567 1761 competeret,
592 1704 636 1744 in
659 1704 857 1760 exequiis
877 1704 1047 1746 habuit.
1080 1706 1211 1746 Terra
1242 1706 1438 1763 receptui
1459 1706 1554 1763 ejus
1584 1706 1769 1754 semica-

281 1777 401 1825 vata,
425 1787 587 1828 corpus
611 1775 680 1813 est
706 1772 822 1814 intro
838 1772 962 1814 brevi
989 1773 1138 1814 tabula
1169 1773 1230 1815 sic
1254 1789 1576 1830 compressum,
1598 1779 1648 1817 ut
1665 1790 1770 1832 pec-

280 1845 354 1882 tus
375 1840 471 1897 ejus
501 1845 554 1882 et'
571 1844 729 1881 venter
753 1855 889 1896 prope
922 1856 1065 1898 usque
1097 1841 1152 1882 ad
1187 1842 1406 1899 crepitum
1439 1847 1764 1899 premerentur.

282 1908 333 1950 In
354 1913 530 1950 tantum
551 1908 673 1949 enim
693 1908 997 1964 arguebantur
1023 1914 1289 1966 exequtores
1316 1909 1498 1964 funeris,
1528 1915 1579 1953 ut
1608 1926 1769 1968 corpus

282 1976 486 2018 exanime
508 1992 596 2033 quo
613 1981 799 2033 possent
820 1977 1008 2034 nequius
1029 1982 1332 2020 attrectarent.
1357 1977 1472 2020 Cum
1492 1983 1643 2020 autem
1665 1978 1767 2036 plu-

280 2044 381 2085 rimi
402 2045 788 2101 preterfluxissent
810 2044 918 2095 dies,
945 2045 1226 2102 Radulphus,
1258 2045 1491 2088 Remensis
1525 2046 1764 2104 archiepis-

233 2156 237 2160 ,
277 2127 431 2168 copus,
454 2112 718 2154 Laudunum
734 2112 870 2164 venit,
890 2113 1102 2154 violatam
1121 2113 1488 2155 reconciliaturus
1506 2114 1757 2168 ecclesiam,

281 2180 558 2237 mortuisque
569 2179 664 2236 jam
680 2180 867 2237 sepultis
883 2181 1094 2238 exequias
1108 2181 1419 2238 sollempniter
1435 2181 1690 2226 celebravit.
1705 2208 1762 2215 -

284 2248 393 2304 [Hec
423 2253 468 2290 et
490 2248 575 2290 alia
608 2249 952 2306 quamplurima,
992 2249 1048 2290 ad
1080 2254 1171 2290 tam
1202 2249 1395 2291 immane
1428 2250 1600 2292 facinus
1630 2251 1763 2307 perti-

279 2316 448 2369 nentia,
485 2321 757 2358 memoratus
790 2316 942 2369 abbas,
976 2317 1052 2374 qui
1082 2317 1169 2359 hiis
1199 2317 1356 2359 diebus
1385 2333 1567 2374 presens
1593 2318 1761 2372 aderat,

280 2384 411 2441 plena
444 2384 531 2425 fide
564 2400 613 2426 ac
646 2384 832 2426 veritate
860 2385 1139 2442 conscripsit.
1174 2385 1224 2426 In
1258 2385 1391 2442 hujus
1417 2386 1552 2442 igitur
1578 2386 1692 2428 tanti
1715 2402 1765 2428 ac

279 2456 372 2493 tam
400 2452 668 2493 miserabilis
688 2453 845 2509 flagitii
872 2453 1210 2495 lamentabilem
1241 2454 1515 2506 memoriam,
1547 2458 1765 2496 statutum

280 2524 348 2561 est
368 2519 413 2561 in
435 2520 631 2576 capitulo
649 2525 803 2562 nostro
820 2521 1173 2562 anniversarium
1195 2521 1302 2562 dicti
1323 2521 1546 2578 pontificis
1574 2522 1763 2578 singulis

279 2588 407 2628 annis
420 2588 731 2644 sollempniter
756 2587 985 2638 celebrari,
1011 2594 1055 2630 et
1072 2589 1117 2630 in
1142 2589 1295 2644 vigilia
1323 2604 1399 2631 sex
1426 2589 1632 2631 denarios
1651 2590 1760 2632 toti—

280 2654 470 2712 demque
488 2656 533 2696 in
560 2656 696 2697 missa
714 2656 939 2698 canonicis
965 2657 1281 2698 assistentibus
1302 2657 1543 2714 distribui].
