1930 3224
259 259 312 302 10
340 264 345 269 “
660 274 758 304 VEN.
795 273 989 303 GUIBERTI
1021 274 1129 304 vrrAE
1155 275 1282 330 pinna
1316 275 1330 303 1

316 372 426 425 Quae
443 372 607 427 omnia,
633 372 816 415 Creator
842 387 985 425 meuS‚
1010 373 1145 429 hujus
1167 373 1255 416 mei
1292 389 1380 431 quo
1404 373 1555 416 vivere
1590 373 1745 417 videor

256 445 400 483 status
414 445 622 498 portenta
646 440 781 483 fuere.
807 439 1025 498 Nunquid
1046 441 1127 494 tui,
1163 441 1369 493 Domine,
1409 441 1579 484 servitii
1605 442 1651 484 in
1674 457 1744 484 me

254 509 436 566 reperiri
460 509 606 566 potuit
632 509 833 550 veritas?
858 508 1013 550 Nihila
1038 509 1084 550 in
1113 514 1157 551 te
1190 509 1402 561 solidum,
1421 509 1516 551 nill'
1534 514 1745 552 constans

255 576 414 626 habui;
453 577 490 618 si
529 576 637 633 quid
674 577 718 618 in
743 576 967 618 evidentia
995 577 1121 618 visus
1152 593 1251 619 sum
1288 577 1546 620 exhibuisse
1579 578 1741 636 operis,

255 645 445 687 intentio
467 644 730 686 multotiens
756 643 951 686 reddidit
974 644 1122 686 minus
1134 650 1254 687 recta
1269 650 1498 703 pertenue.
1518 645 1621 688 Dixi
1643 645 1742 699 tibi,

257 728 432 755 summa
460 712 732 769 benignitaS,
769 713 906 764 Deus,
939 712 1059 770 quod
1085 728 1226 770 spem,
1263 717 1338 755 aut
1371 713 1464 770 spei
1496 713 1746 771 quantulae·->

257 795 447 837 cumque
471 787 487 806 ⁰
533 780 759 837 specimen
795 795 849 822 ex
893 784 987 822 tam
1019 780 1246 837 gaudiosae
1282 780 1370 823 diei
1396 781 1744 838 {praestolatione

258 847 370 890 mihi
402 852 507 890 nato
543 863 594 890 ac
629 852 798 901 renato,
836 847 915 889 sed
962 853 1006 890 et
1038 848 1238 890 omnium
1276 853 1378 906 post
1414 849 1559 892 Deum
1594 849 1745 892 oblato

257 915 422 973 reginae
446 915 703 958 contuleris.
742 915 932 957 Domine
966 915 1102 970 Deus,
1132 932 1281 959 nonne
1311 932 1364 959 ex
1396 932 1446 959 ea
1473 932 1608 974 quam
1637 916 1746 959 mihi

258 983 422 1026 dedisti
440 984 610 1026 ratione
625 983 720 1041 jam
741 984 920 1040 collige,
948 984 1052 1041 quia
1075 984 1170 1026 dies
1192 985 1442 1028 nativitatis
1474 984 1746 1028 infructuose

257 1051 516 1094 viventibus
537 1051 647 1093 nihil
664 1060 682 1078 ἃ
701 1052 857 1094 utilius
883 1052 1011 1094 affert
1039 1067 1172 1109 quam
1195 1053 1383 1095 mortis?
1414 1053 1461 1096 Si
1483 1057 1676 1106 constat,
1701 1058 1746 1096 et

257 1119 557 1162 irrevincibile
573 1124 656 1173 est,
680 1120 784 1177 quia
811 1119 934 1162 nulla
955 1125 1148 1178 possunt
1163 1120 1319 1162 merita
1340 1121 1435 1163 dies
1462 1121 1746 1178 prae-cessisse

258 1188 452 1239 nativos,
479 1192 669 1246 possunt
691 1192 842 1230 autem
863 1187 1145 1230 defunctivos
1165 1201 1173 1240 ς
1202 1188 1239 1229 si
1262 1188 1494 1246 contingat
1518 1188 1602 1231 sub
1627 1188 1745 1231 bono

257 1256 398 1298 vitam
410 1272 500 1298 non
523 1256 727 1313 transigi,
754 1256 912 1309 fateor,
942 1256 1275 1298 nihil-“omnino
1299 1257 1543 1314 proderunt
1561 1257 1746 1315 gloriosi

258 1324 370 1377 dies,
396 1325 512 1366 sicut
526 1340 607 1366 nec
628 1324 808 1378 natalis,
836 1329 880 1367 et
900 1324 1073 1367 mortis.
1676 1318 1678 1320 ,

318 1392 363 1435 Si
385 1392 506 1434 enim
531 1408 686 1434 verum
714 1396 798 1446 est,
829 1392 933 1450 quia
971 1393 1067 1451 ipse
1093 1392 1198 1435 fecit
1219 1408 1305 1446 me,
1345 1397 1389 1435 et
1417 1408 1507 1435 non
1542 1408 1624 1457 ego
1648 1385 1745 1452 ipse

259 1476 345 1508 me,
385 1461 593 1518 diemque
627 1476 717 1502 non
747 1460 982 1518 praestitui,
1019 1475 1101 1503 neo
1137 1465 1186 1502 ut
1229 1461 1533 1518 praefigeretur
1558 1461 1742 1515 emerui,

258 1528 449 1571 collatus
470 1544 492 1570 a
514 1529 607 1570 Deo
632 1544 721 1570 non
755 1544 897 1586 spem,
934 1544 1023 1570 non
1058 1529 1275 1570 honorem
1304 1529 1414 1570 mihi
1446 1529 1628 1586 praehet,
1658 1529 1745 1572 nisi

258 1596 345 1639 diei
372 1597 635 1653 religionem
658 1612 950 1654 prosequens,
981 1597 1200 1655 quidquid
1233 1597 1303 1639 die
1330 1597 1626 1654 portenditur,
1647 1613 1744 1640 mea

257 1665 350 1707 vita
372 1665 669 1707 commendet.
698 1666 821 1707 Tunc
840 1665 972 1722 plane
996 1670 1199 1707 nostrum
1216 1666 1362 1707 natale
1383 1681 1437 1707 ex
1457 1665 1612 1708 festiva
1634 1670 1746 1708 tem-

256 1733 377 1790 poris
400 1733 615 1791 qualitate
642 1732 921 1786 claresceret,
953 1733 989 1774 si
1008 1733 1207 1775 studium
1239 1738 1403 1775 nostrae
1430 1733 1618 1775 actionis
1645 1749 1745 1776 sus-

256 1801 398 1858 pirata
435 1802 491 1843 ad
532 1801 757 1858 integrum
789 1801 954 1843 virtute
988 1816 1035 1843 se
1062 1805 1250 1858 regeret,
1287 1806 1331 1843 et
1356 1801 1566 1843 introitus
1603 1801 1746 1858 gloria

257 1869 429 1911 homini
451 1870 609 1912 merito
632 1869 861 1911 videretur
886 1869 1076 1922 indulta,
1096 1869 1134 1910 si
1157 1884 1449 1926 perseverans
1470 1869 1515 1911 in
1535 1869 1745 1928 aequitate

201 1950 204 1953 ·
258 1937 434 1979 animus
452 1938 556 1979 vitae
580 1938 851 1995 glorificaret
874 1937 1025 1979 exitia.
1053 1937 1100 1980 Si
1122 1937 1299 1990 Petrus,
1328 1942 1404 1980 aut
1431 1937 1597 1979 Paulus
1626 1937 1746 1979 voci-

257 2010 340 2059 ter,
369 2005 405 2047 si
427 2005 661 2063 Remigius
684 2010 761 2048 aut
782 2005 992 2048 Nicolaus
1010 2004 1224 2062 appeller,
1247 2020 1338 2047 non
1356 2004 1481 2060 mihi,
1500 2010 1551 2047 ut
1570 2005 1745 2062 poetice

259 2074 443 2131 loquar:

451 2159 658 2201 Proderit
683 2175 706 2202 a
736 2175 899 2217 magno
926 2158 1160 2201 dimissum
1192 2174 1356 2200 nomen
1385 2158 1534 2212 Iulo¹;

316 2245 403 2287 nisi
435 2244 631 2298 illorum,
693 2260 805 2302 quos
846 2244 1125 2302 providentia
1161 2244 1267 2286 fecit
1307 2244 1418 2286 mihi
1453 2259 1531 2286 seu
1569 2244 1744 2287 fortuna

257 2313 563 2370 cognomines,
608 2314 828 2370 sagaciter-
872 2312 1075 2370 exempla
1123 2313 1417 2369 resculpsero.
1459 2312 1590 2365 Ecce,
1623 2313 1746 2355 Deus

258 2396 400 2434 meus,
437 2381 660 2438 quomodo
682 2382 863 2423 reflatur
888 2380 1107 2439 quidquid
1133 2380 1336 2422 tumebat
1371 2380 1417 2422 in
1449 2380 1598 2422 anima
1627 2395 1741 2429 mea,

258 2449 482 2506 quomodo
521 2449 683 2507 poterit
730 2449 995 2506 floccipendi
1033 2449 1152 2506 quod
1201 2448 1247 2489 in
1293 2447 1458 2490 fastum
1511 2447 1748 2490 videbatur

259 2520 457 2563 extendi.

319 2588 391 2642 Et,
426 2604 451 2629 o
485 2588 640 2630 mundi
670 2592 713 2630 et
745 2588 960 2630 coelorum
998 2591 1101 2644 post
1137 2587 1331 2630 Unicum
1368 2591 1496 2629 tuum
1533 2586 1741 2639 Domina,

296 2710 327 2731 a.
352 2700 404 2731 nil
422 2701 463 2732 D.
482 2718 523 2723 —
545 2700 578 2732 b.
602 2700 655 2731 nil
676 2699 713 2731 in
734 2702 765 2731 te
787 2700 830 2731 D.
852 2718 891 2723 -
909 2710 938 2731 c.
962 2699 1298 2741 quantulaecunque
1316 2699 1360 2730 D.

302 2833 333 2861 1.
359 2829 410 2861 Cf.
432 2830 579 2871 Virgile,
596 2830 692 2869 AEn.,
707 2830 733 2869 Ι,
754 2832 825 2861 288.
