1930 3224
251 266 334 308 ’118
662 279 758 308 VEN.
796 278 989 306 GUIBERTI
1022 278 1127 307 VITAE
1159 278 1278 307 LIBER
1310 279 1340 307 11

248 379 371 422 dum.
396 377 479 420 Cui
500 377 636 419 verbo
652 392 809 419 omnes
832 377 1173 419 incunctanter·a
1194 377 1456 429 assedimus,
1482 376 1729 434 praesertim

251 463 353 488 cum
386 446 482 503 ejus
522 445 807 487 devotionem
852 444 1017 486 divinis
1064 444 1296 502 provocari
1330 444 1731 502 significationibus

249 515 533 556 sentiremus,
582 513 711 564 Quod
760 527 935 554 sacrum
986 512 1190 554 velamen
1241 513 1370 555 annis
1408 511 1547 555 ferme
1584 512 1730 555 tribus

247 583 434 639 integre,
464 586 514 623 ut
539 586 727 639 poterat,
752 584 1082 632 conservatum,
1113 580 1190 622 illa
1213 581 1282 623 die
1306 580 1360 632 ei,
1385 595 1484 638 quae
1503 579 1587 622 sibi
1617 579 1730 622 illud

248 650 546 701 commiserat,
570 649 771 691 Dominae
786 648 1044 706 reportavit,
1073 663 1162 705 qua
1176 648 1272 705 ipsa
1292 647 1530 690 salutiferae
1556 648 1728 690 adnun-

248 717 481 760 eiationisb
495 717 743 774 auspicium
754 716 1077 773 jocundissima
1089 716 1220 757 felixc
1231 731 1334 758 aure
1350 716 1559 774 suscepit.
1577 716 1727 773 Ipsam

250 786 421 828 cunctis
454 785 718 827 commendo
749 785 825 841 qui
849 784 1038 841 legerint
1066 783 1151 825 ista
1180 784 1402 837 fidelibus,
1435 799 1571 841 quam
1598 798 1727 826 eons-

251 859 314 896 tat
342 854 567 895 neminem
590 869 613 894 a
637 853 803 895 crebris
830 852 923 894 suis
952 851 1229 894 orationibus
1258 852 1501 894 exclusisse
1532 851 1724 894 fidelem.

252 923 357 964 Haec
384 922 437 963 de
462 937 513 963 ea
534 937 682 963 corani
713 922 806 962 Deo
833 920 1036 972 dixerim,
1062 919 1207 961 cordis
1227 920 1350 962 mei‘l
1375 935 1511 962 verax
1529 919 1730 962 testimo-

252 990 378 1031 nium
402 989 585 1041 habens,
610 989 723 1030 nihil
744 988 1012 1030 omnimodis
1033 995 1048 1013 θ
1068 988 1351 1030 confinxisse.

311 1058 398 1100 Sed
425 1058 525 1114 quia
560 1058 615 1098 ad
644 1057 980 1109 Flaviacensem
1001 1055 1238 1097 ecclesiam
1269 1056 1596 1113 postliminium
1629 1054 1733 1097 feci-

253 1142 368 1178 mus,
405 1126 591 1181 dignum
629 1131 712 1177 est,
745 1130 795 1166 ut
824 1124 1146 1182 aliquantisper
1169 1123 1277 1165 inibi
1303 1138 1631 1166 commoremur
1650 1123 1734 1165 ite-

253 1210 366 1245 rum,
390 1198 630 1251 antequam
655 1192 936 1236 Laudunensi
951 1192 1107 1234 sabulo
1135 1197 1368 1248 retrovaga
1395 1191 1583 1247 vestigia
1605 1205 1734 1233 eons-

255 1262 541 1319 pergamus¹.

848 1427 1062 1480 [CAPUT
1093 1427 1144 1479 v]

316 1568 365 1609 In
390 1568 486 1625 ipso
502 1569 773 1610 monasterio
789 1569 1033 1610 monachus
1049 1569 1226 1625 quidam
1245 1575 1312 1611 est
1324 1584 1484 1626 genere
1501 1568 1730 1612 Hebraeus.

258 1637 300 1678 Is
323 1636 720 1692 Hierosolymitani
742 1637 913 1678 itineris
936 1653 1013 1694 per
1048 1637 1258 1679 Latinum
1283 1637 1436 1679 orbem
1468 1641 1735 1694 personante

256 1704 514 1762 primordio,
564 1704 625 1746 sic
670 1710 739 1746 est
782 1721 807 1746 a
849 1721 927 1747 sua
961 1705 1275 1762 superstitione
1311 1705 1528 1748 sublatus.
1570 1705 1737 1747 Rotho-

257 1773 375 1828 magi
396 1773 412 1800 ‘2
441 1772 635 1830 quadam
676 1773 746 1814 die
782 1773 827 1814 hi
862 1773 939 1830 qui
977 1773 1101 1814 illam
1145 1773 1250 1816 ituri
1289 1772 1619 1830 expeditionem
1654 1772 1737 1815 sub

258 1840 413 1882 eadem
445 1840 588 1882 crucis
623 1841 898 1897 professione
936 1846 1238 1898 susceperant,
1279 1841 1395 1883 inter
1424 1856 1470 1883 se
1509 1844 1738 1898 coeperunt

259 1909 382 1965 queri
404 1922 412 1951 :
442 1927 462 1948 α
493 1909 587 1950 Nos
611 1909 688 1950 Dei
714 1909 866 1951 hostes
888 1909 1105 1951 orientem
1125 1925 1296 1962 versus,
1334 1909 1480 1966 longis
1518 1914 1737 1951 terrarum

259 1976 476 2018 tractibus
496 1972 791 2030 transmissis,
816 1977 1120 2018 desideramus
1147 1978 1344 2034 aggredi,
1371 1992 1473 2019 cum
1496 1983 1598 2019 ante
1635 1992 1737 2019 ocu-

259 2045 328 2086 los
361 2049 538 2086 nostros
583 2045 673 2086 sint
712 2045 870 2098 Judaei,
913 2044 1074 2102 quibus
1113 2045 1371 2094 inimicitior
1418 2045 1580 2087 existat
1625 2059 1737 2100 gens

259 2112 385 2153 nulla
430 2113 512 2153 Dei
534 2126 542 2165 ;
566 2118 879 2169 praeposterus,
917 2113 1140 2170 inquiunt,
1178 2113 1302 2154 labor
1334 2118 1416 2156 est.
1448 2131 1467 2151 »
1491 2113 1572 2155 His
1588 2112 1733 2166 dictis,

260 2195 380 2222 arma
405 2186 696 2236 praesumunt,
716 2185 759 2222 et
780 2181 824 2221 in
849 2181 1099 2238 quandamf
1113 2181 1347 2223 ecclesiam
1361 2182 1376 2209 3
1398 2180 1734 2238 compellenteS,

259 2253 409 2289 utrum
446 2248 490 2289 vi
526 2248 674 2289 nescio
699 2264 754 2289 an
782 2249 883 2290 dolo
907 2249 1179 2290 inrecutiunt
1197 2257 1232 2302 9,
1255 2254 1298 2290 et
1318 2249 1479 2305 gladiis
1502 2248 1741 2290 indiscrete

261 2331 395 2357 sexus
417 2321 460 2357 et
484 2321 640 2358 {etates
666 2316 894 2369 addicunt,
920 2317 980 2359 ita
1007 2322 1158 2358 tamen
1181 2322 1230 2359 ut
1254 2318 1330 2374 qui
1355 2317 1607 2358 christianae
1633 2331 1740 2358 con-

260 2384 418 2425 ditioni
453 2400 498 2425 se
538 2384 795 2437 subderent,
827 2385 966 2426 ictum
997 2385 1221 2426 mucronis
1253 2384 1551 2441 impendentis
1581 2383 1742 2426 evade-

300 2506 330 2527 a.
358 2496 456 2526 Corr.
477 2496 519 2526 dc
546 2496 589 2526 D.
608 2495 840 2527 incuntanter
856 2497 944 2528 B.—
967 2496 1001 2527 b.
1027 2496 1319 2529 annunciationis
1337 2496 1380 2527 D.
1403 2515 1445 2519 —
1466 2506 1495 2527 c,
1513 2495 1618 2537 foelim
1635 2495 1677 2527 D.
1701 2514 1742 2518 ——

259 2537 293 2568 (1.
310 2538 407 2568 Corr.
428 2537 470 2567 de
497 2537 540 2568 D.
561 2537 646 2568 meis
663 2537 751 2569 B.—
769 2547 797 2568 e.
818 2538 963 2569 omnino
981 2538 1320 2580 D.-f.quam<1am
1336 2538 1423 2570 D.—
1441 2537 1738 2579 9.recuti11ntD.

304 2707 328 2734 l.
354 2704 409 2733 Au
430 2703 452 2734 l.
474 2703 535 2733 111.
553 2703 608 2734 Cf.
626 2703 802 2742 l'Introd.,
825 2714 858 2744 p.
883 2715 986 2735 xnvu.

299 2748 328 2775 2.
356 2744 490 2784 Rouen,
507 2745 602 2776 ch.-l.
623 2745 664 2775 dc
680 2745 709 2775 la
728 2744 919 2776 Scine—Ins.
942 2765 982 2768 —
1000 2745 1067 2776 Sur
1089 2756 1147 2777 ecs
1166 2746 1260 2785 faits,
1278 2746 1425 2778 Orderic
1444 2746 1551 2785 Vital,
1569 2746 1658 2776 dans
1675 2755 1746 2787 son¹

258 2786 415 2816 Historia
438 2785 688 2823 ecclesiastica,
708 2788 763 2817 est
782 2787 1059 2827 completcmcnt
1075 2790 1181 2821 muct.

299 2831 327 2857 3.
355 2828 450 2857 Dans
470 2829 501 2859 le
519 2838 599 2857 scus
617 2828 659 2857 dc
676 2837 896 2867 synayoqnc.
