1930 3224
310 236 394 278 208
712 251 810 281 vssN.
847 252 1039 281 onmem-1
1074 253 1177 281 vim
1209 254 1329 282 LmER
1362 256 1409 282 m

306 351 492 406 tamque
509 356 527 375 ἃ
554 364 656 391 eum
683 350 920 407 episcopus
944 351 1088 408 magis
1120 356 1314 408 urgeret,
1344 353 1481 410 coepit
1509 353 1636 411 quasi
1665 359 1789 398 extra

308 431 354 458 se
379 416 553 473 positus
579 417 832 469 mussitare,
863 418 1067 474 quaedam
1101 434 1146 460 se
1180 419 1349 462 scilicet
1378 420 1521 463 adhuc
1554 421 1666 464 scire
1693 437 1792 480 quae

309 483 559 526 distulisset
591 484 750 527 dicere.
788 484 918 536 Quod
950 501 1051 528 cum
1083 502 1162 543 per
1202 487 1533 530 vicedominum
1565 489 1796 532 didicisset

307 552 561 608 episcopus,
603 552 882 595 occasionem
918 559 1092 606 nactus,
1136 555 1346 613 quoniam
1380 571 1427 597 se
1459 556 1687 614 juraverat
1730 557 1795 600 nil

303 619 404 676 plus
423 619 551 672 scire,
575 620 759 673 solidos,
798 636 911 678 quos
940 621 977 663 ei
1006 628 1296 679 proposuerat
1331 623 1450 676 dare,
1480 623 1719 678 subtraxit,
1749 629 1792 669 et

309 687 473 728 carceri
508 688 739 743 relegavit.
785 687 871 740 Qui
915 689 1050 731 etiam
1091 691 1322 748 suppliciis
1355 691 1556 744 adactus,
1590 708 1791 749 gemmas

310 754 526 797 confracti
544 755 691 812 operis
719 771 764 798 se
787 756 960 813 penes'b
979 773 1024 799 se
1048 757 1211 800 habere
1232 758 1378 801 fassus
1396 764 1480 812 est,
1506 764 1551 802 et
1567 760 1622 802 ad
1643 760 1791 805 locum

311 838 387 864 eos
420 823 603 876 ducem,
641 824 840 866 ostendit
874 840 948 866 eas
984 825 1029 866 in
1060 826 1243 868 linteolo
1280 827 1363 869 sub
1399 843 1504 870 saxo
1525 828 1786 886 pendentes.

307 891 421 933 Cum
452 891 522 932 his
563 891 772 933 omnibus
809 908 985 951 quoque
1030 893 1305 950 phylacteria
1338 911 1460 937 sacra
1499 895 1786 946 subduxerat,

304 974 419 1016 quac,
435 959 633 1015 quandiu
645 967 660 985 ⁶
676 960 836 1014 tenuit,
848 960 1040 1003 dormire
1055 977 1144 1003 non
1161 968 1351 1019 poterat,
1373 963 1476 1022 quia
1489 964 1657 1006 sanctis
1675 964 1788 1007 fera-

305 1026 394 1068 lem
428 1027 628 1069 animum
661 1028 1036 1082 concutientibus,
1072 1030 1186 1072 tanti
1224 1045 1326 1072 eum
1377 1031 1598 1088 sacrilegii
1632 1032 1790 1075 horror

304 1094 551 1144 invaserat:
573 1095 710 1153 igitur
730 1101 774 1138 et
793 1096 889 1154 ipse
910 1097 955 1138 in
976 1097 1167 1140 sublime
1187 1103 1443 1155 provectuS,
1464 1099 1697 1157 appositus
1722 1105 1790 1143 est

308 1163 363 1204 ad
384 1168 532 1220 patres
559 1179 679 1216 suos,
708 1164 841 1221 plane
868 1164 1086 1208 diabolos.

871 1331 1087 1388 [CAPUT
1121 1332 1240 1389 XVI]

363 1450 558 1492 Joannes
588 1451 772 1504 interea,
812 1452 1079 1494 Suessorum
1115 1469 1264 1494 comes
1294 1453 1359 1511 (ut
1390 1453 1484 1510 jam
1509 1455 1663 1497 stilum
1683 1455 1705 1482 ‘¹
1734 1455 1789 1498 ad

303 1518 522 1575 promissa
539 1518 548 1546 ¹
567 1519 829 1577 vertamus),
857 1520 1016 1562 militia
1038 1520 1178 1562 solers
1204 1521 1413 1578 pacisque
1435 1522 1663 1565 studiosus
1686 1522 1784 1575 fuit,

304 1586 431 1643 cujus
460 1591 609 1628 tamen
633 1587 823 1629 intentio
851 1588 944 1630 sola
971 1604 1050 1630 sua
1085 1589 1256 1631 utilitas
1291 1589 1418 1632 fuit‘2.
1455 1590 1570 1632 Nam
1605 1596 1788 1652 paterna

303 1658 347 1695 et
368 1654 487 1696 avita
515 1654 713 1712 nequitia
732 1655 778 1696 in
799 1655 985 1698 exitium
1013 1657 1167 1699 matris
1189 1672 1364 1713 semper
1378 1658 1575 1700 ecclesiae
1589 1666 1605 1685 θ
1625 1658 1788 1702 redun-

303 1722 441 1764 davit.
472 1723 608 1764 Porro
624 1728 766 1765 mater
795 1723 911 1766 inter
936 1730 1094 1766 caetera
1120 1725 1331 1782 potentiae
1359 1741 1448 1767 suae
1473 1726 1685 1768 miracula
1706 1727 1789 1769 lin-

303 1806 438 1846 guam
477 1790 664 1832 diacono
695 1791 872 1833 cuidam
909 1808 932 1833 a
970 1797 1151 1849 gutture
1190 1798 1446 1850 exemptam
1482 1794 1650 1838 succidi
1685 1794 1789 1838 fecit

301 1857 541 1915 oculosque
575 1859 768 1901 convelli
789 1860 819 1901 3.
856 1860 1079 1902 Nimirum
1112 1861 1157 1902 id
1192 1862 1478 1918 praesumpsit
1509 1862 1787 1918 parricidalis

301 1926 499 1968 audacia.
546 1927 658 1968 Nam
704 1927 847 1969 Judaei
886 1927 1122 1983 cujusdam
1160 1929 1308 1970 studio
1344 1929 1521 1971 fratrem
1558 1930 1787 1988 proprium

301 1993 543 2051 cupiditate
565 1995 802 2037 comitatus
829 2011 1000 2037 veneno
1024 1997 1266 2049 occide1·at;
1297 2013 1430 2054 quam
1454 1997 1510 2039 ob
1540 2013 1720 2041 causam
1743 2003 1787 2041 et

302 2061 508 2104 Judaeum
535 2062 652 2119 ignis
679 2063 921 2120 assumpsit
935 2064 981 2110 f.,
999 2064 1055 2105 Et
1078 2064 1172 2121 ipsa
1193 2065 1334 2121 pridie
1361 2081 1496 2122 quam
1516 2071 1649 2123 caput
1671 2065 1786 2124 jeju-

302 2129 365 2170 nii
397 2129 681 2186 sequebatur,
722 2135 962 2188 postquam
992 2132 1151 2174 eximie
1187 2138 1455 2185 coenaverat,
1496 2134 1541 2175 in
1579 2134 1676 2191 ipso
1715 2134 1784 2176 sui

303 2233 307 2239 ¹
343 2259 375 2280 a.
403 2260 557 2291 cumque
584 2250 626 2281 D.
649 2268 689 2273 —
717 2250 751 2282 b.
779 2252 878 2283 Corr.
911 2252 953 2283 de
978 2252 1005 2282 B
1040 2253 1087 2291 <et
1122 2253 1177 2284 Di.
1197 2262 1264 2293 per
1285 2253 1326 2284 X.
1358 2272 1399 2276 —-
1422 2263 1450 2284 c.
1482 2253 1654 2296 quamdiu
1674 2253 1718 2287 D.
1747 2273 1785 2278 —

301 2290 335 2322 d.
351 2292 488 2332 stylum
518 2292 561 2322 D.
584 2310 624 2314 -—
641 2302 669 2323 e.
697 2293 855 2333 Ecclesia
880 2293 923 2325 D.
942 2312 982 2316 —
1001 2292 1028 2332 f.
1049 2293 1247 2335 absumpsit
1273 2295 1314 2326 D.

342 2434 371 2461 1.
399 2430 441 2461 V.
466 2432 498 2461 le
513 2441 543 2461 c.
563 2441 619 2469 xv,
640 2442 683 2462 au
700 2432 822 2463 debut.

341 2475 370 2502 2.
398 2472 497 2502 Nous
516 2482 558 2503 ne
583 2483 712 2503 savons
739 2474 814 2504 rien
840 2473 975 2505 d'autre
1002 2485 1063 2504 sur
1085 2485 1124 2506 ce
1143 2485 1363 2515 personnage
1390 2486 1459 2517 que
1483 2486 1522 2507 cc
1544 2486 1611 2517 que
1634 2476 1786 2508 Guibert

298 2523 389 2544 nous
407 2514 470 2544 dit.
493 2513 518 2543 ΙΙ
537 2514 707 2545 convient
725 2515 902 2554 d'ajouter
916 2526 984 2556 que
1002 2515 1089 2547 Jean
1105 2516 1194 2548 &tait
1208 2518 1264 2548 fils
1282 2518 1325 2548 de
1339 2517 1540 2549 Guillaume
1560 2518 1686 2552 Busae.
1706 2518 1786 2549 son-

298 2555 426 2585 dateur
444 2555 486 2585 de
510 2555 543 2585 la
564 2555 750 2586 deuxieme
769 2557 935 2596 dynastie
959 2558 1111 2588 comtale
1137 2559 1180 2588 dc
1205 2559 1382 2594 Soissons,
1408 2562 1502 2590 mort
1529 2569 1609 2589 vers
1636 2562 1715 2590 1098
1738 2570 1784 2590 ου

299 2599 378 2625 1099
400 2597 480 2630 (Ar-t
499 2596 541 2627 de
561 2596 704 2637 verisier
719 2597 768 2627 les
787 2598 896 2635 dales,
917 2601 942 2629 t.
962 2598 1005 2637 ΙΙ,
1023 2609 1056 2638 p.
1078 2603 1160 2639 727¹).
1176 2599 1244 2630 Sur
1258 2601 1290 2631 la
1306 2601 1388 2631 date
1405 2601 1449 2630 de
1467 2600 1498 2631 la
1512 2601 1605 2632 mort
1621 2600 1664 2631 de
1679 2599 1780 2641 Jean.

300 2637 361 2667 des
377 2637 477 2677 vingt
495 2638 690 2677 premieres
711 2638 841 2669 annecs
857 2640 904 2669 du
926 2647 987 2669 x11⁴³
1010 2640 1128 2679 siecle,
1149 2651 1180 2672 v.
1198 2641 1483 2679 1'Introduction,
1503 2653 1537 2682 p.
1552 2652 1669 2672 vaui.
1691 2641 1783 2682 Rap-

298 2678 451 2717 proeher
467 2689 506 2709 ce
525 2689 675 2719 passage
693 2680 735 2710 de
757 2680 788 2710 la
807 2680 949 2720 prefacc
967 2682 1013 2711 du
1034 2681 1080 2712 De
1099 2682 1351 2713 Incarnatione
1370 2682 1437 2723 (ed.
1454 2682 1631 2723 Dachery,
1648 2693 1681 2723 p.
1700 2685 1779 2720 234;

300 2719 355 2750 e'd.
372 2720 503 2759 Migne,
523 2722 591 2751 col.
609 2721 691 2760 489).

340 2765 367 2790 3.
395 2761 604 2792 L’historien
620 2763 662 2792 de
681 2762 857 2797 Soissons,
878 2763 1012 2793 Lcroux
1028 2763 1130 2803 (Hist.
1147 2764 1189 2795 (le
1207 2764 1376 2801 Scis-sons,
1392 2768 1414 2796 t.
1432 2765 1456 2803 Ι,
1474 2775 1508 2805 p.
1522 2765 1606 2803 395),
1623 2775 1779 2806 suppose

299 2812 366 2842 que
392 2801 605 2833 l'animosite
623 2804 665 2833 de
687 2803 837 2835 Guibert
860 2807 985 2835 contre
1010 2805 1109 2836 Aiice
1133 2806 1175 2836 de
1197 2805 1373 2843 Soissons,
1395 2807 1557 2846 provienl
1577 2807 1620 2837 de
1646 2817 1685 2837 ce
1712 2817 1780 2847 quc
