1930 3224
607 252 704 282 vssN.
741 251 935 282 GUIBERT!
971 251 1079 280 vim:
1112 251 1233 280 [ABER
1266 252 1294 279 ιι
1604 236 1689 278 105

179 351 388 397 *viis
429 353 743 411 apostolorum
795 351 998 409 ipsorum
1042 350 1116 408 pia
1167 349 1411 392 devotione
1468 349 1600 408 petiit
1647 353 1691 391 et

159 475 162 477 Α
190 420 364 480 aceepit
377 429 410 464 ⁸.

249 489 358 532 Haec
384 489 561 533 modico
586 488 767 532 condita
789 488 937 530 loculo
959 503 1112 530 secum
1130 487 1252 541 tulit,
1282 485 1527 545 repedandi
1560 500 1690 528 curas

50 606 58 613 μ,
187 557 447 616 insumpsit,
471 565 517 601 et
537 557 804 601 transmisso
840 555 1123 614 interjacenti
1174 556 1407 613 regionum
1437 554 1600 612 spatio,
1636 553 1692 596 ad

65 623 71 628 ’
186 640 266 670 rus
291 626 419 672 illud.
444 626 490 668 in
513 642 603 684 quo
626 627 744 669 inter
758 626 954 668 eundum
982 625 1201 683 pausandi
1220 624 1365 682 gratia
1387 624 1692 666 sueratremo-

188 699 329 748 ratus,
353 695 551 738 devenit.
574 694 661 747 Qui
676 695 891 737 continuo
905 694 1135 751 insperata
1155 697 1390 751 correptus
1403 691 1689 750 aegritudine,

83 805 118 820 ⁷.
141 766 146 767 ⁷
187 771 291 807 'enm
310 763 514 807 cubitum
540 779 588 806 se
623 764 834 816 locasset,
857 762 1084 805 revelatur
1103 761 1143 804 ei
1172 761 1217 803 in
1242 761 1431 814 somnis,
1455 760 1587 820 quod·
1603 760 1690 802 ibi-

35 860 39 871 ι
151 836 155 838 ’
186 832 291 877 dem
306 833 444 892 finem
468 833 703 876 sortiretur
723 832 827 874 vitae
845 830 1095 889 praesentis.
1119 830 1293 872 Dicitur
1313 830 1448 872 etiam
1468 829 1551 882 illi,
1572 828 1693 886 quod

83 894 91 902 ’
187 910 278 958 lion
292 901 404 944 alias
418 916 552 960 quam
570 901 641 943 hic
659 900 857 943 membra
873 899 970 956 ejus
986 904 1138 941 essent
1155 898 1360 941 habitura
1382 897 1690 956 sepulchrum,

71 1015 108 1030 ⁹7*
175 968 358 1029 ‹i'nquo
387 975 534 1013 tamen
567 969 669 1012 illas
705 985 818 1028 quas
851 967 1182 1025 Hierosolymis
1217 983 1239 1009 a
1272 967 1441 1010 sanctis
1474 965 1692 1024 apostolis

127 1042 130 1043 ⁷
186 1044 419 1097 acceperat
436 1037 665 1097 reliquiaS,
687 1038 770 1080 sub
788 1037 945 1080 eodem
961 1036 1131 1094 cespite
1150 1036 1284 1078 sciret
1300 1051 1398 1077 esse
1413 1034 1688 1078 condendas

189 1106 542 1166 Expergefactus
574 1107 726 1156 homo,
775 1112 819 1149 et
869 1121 921 1148 ex
970 1121 1062 1147 suae
1105 1104 1486 1162 praenunciatione
1533 1103 1691 1146 mortis

186 1175 643 1234 cogitationibusjam
661 1175 887 1217 universis
903 1174 1123 1217 restrictis
1134 1173 1189 1216 ad
1205 1189 1362 1223 unum,
1376 1173 1460 1215 sub
1476 1188 1554 1230 spe
1567 1187 1694 1214 secu-

186 1249 298 1288 turae
318 1259 424 1287 mox
435 1243 590 1302 gloriae
607 1244 662 1286 de
674 1243 889 1286 extremis
901 1243 969 1285 sui
979 1242 1211 1285 cadaveris
1223 1241 1496 1284 utensilibus
1509 1244 1689 1283 tractat.

189 1311 321 1356 Diem
350 1313 489 1370 igitur
528 1312 638 1355 inibi
665 1312 837 1359 obiens,
869 1316 914 1354 et
935 1311 1192 1369 depositum
1210 1310 1248 1352 ei
1285 1310 1363 1368 qui
1402 1310 1447 1351 id
1468 1309 1553 1352 sibi
1571 1325 1692 1351 com-

187 1381 388 1437 miserat,
408 1381 619 1424 indemne
637 1381 898 1433 restituens,
924 1379 1001 1422 ubi
1026 1379 1226 1437 corporis
1246 1379 1346 1436 ejus
1371 1378 1503 1436 gleba
1530 1393 1691 1420 monu—

187 1450 328 1494 menti
349 1450 545 1494 obtinuit
560 1450 778 1509 requiem,
803 1449 864 1492 ibi
886 1448 1178 1507 reliquiarum
1194 1447 1327 1505 juxta
1354 1448 1504 1505 ipsum
1535 1446 1695 1489 habuit

188 1519 365 1562 loculus
394 1519 564 1562 sedem.
605 1519 728 1572 Inde,
759 1519 852 1561 Deo
876 1523 980 1576 post
1008 1517 1227 1576 temporis
1257 1517 1505 1575 plurimum
1535 1531 1693 1574 procu-

186 1593 332 1642 rante,
355 1593 563 1646 exempta
585 1587 785 1645 capsula,
813 1592 857 1630 et
880 1603 903 1630 a
920 1587 1086 1645 quibus
1107 1587 1257 1629 nescio
1281 1586 1489 1629 fidelibus
1513 1589 1693 1628 vetusto

187 1657 366 1716 opificio
381 1657 478 1699 auri
498 1656 689 1715 preciosi
707 1656 930 1699 bracteisb
948 1657 1179 1713 adoperta,
1199 1655 1255 1698 ad
1274 1655 1417 1698 nostri
1430 1654 1565 1712 hujus
1577 1658 1693 1696 tem-

132 1744 133 1747 *
185 1725 310 1784 poris
329 1725 514 1768 devenit
538 1725 747 1776 intuitus,
772 1730 816 1767 et
836 1725 1037 1783 antiquis
1055 1725 1288 1781 hucusque
1303 1723 1475 1782 praebet
1489 1723 1693 1765 testimo-

185 1795 261 1838 nia
286 1809 405 1837 nova
436 1793 671 1837 relatibus.
710 1794 867 1852 Itaque
904 1793 991 1836 loci
1021 1793 1146 1836 illius
1174 1793 1236 1835 sic
1266 1792 1563 1851 perhibentur
1593 1806 1693 1834 sese

153 1907 157 1911 ,
187 1862 402 1926 habuisse
425 1862 568 1906 initia.

798 2038 1016 2097 [CAPUT
1040 2039 1098 2097 ll]

245 2182 310 2223 At
333 2180 589 2224 christianae
614 2179 729 2238 legis
768 2180 1017 2222 viviscente
1044 2195 1275 2233 succursu,
1323 2178 1451 2221 bonae
1489 2178 1685 2220 multum

158 2249 468 2306 ·habitudinis
505 2249 770 2291 ecclesiolae
807 2248 901 2291 illic
934 2263 990 2291 ex
1036 2249 1223 2306 antiquo
1263 2248 1348 2290 sub
1385 2247 1566 2289 nomine
1605 2246 1688 2288 Dei

186 2317 431 2360 Genitricis
466 2317 643 2360 enituit.
683 2317 777 2361 Sub
822 2317 987 2375 oppido
1027 2316 1196 2359 etenim
1236 2316 1357 2374 quod
1396 2315 1688 2374 praediximus

187 2386 498 2430 codiciacensi
520 2386 783 2439 constituta,
808 2386 930 2428 villis
957 2401 1136 2443 quoque
1165 2390 1354 2428 vetustae
1382 2384 1611 2426 memoriae
1645 2388 1690 2426 et

185 2454 423 2498 ditissimis
446 2455 716 2512 constipata,
734 2470 899 2512 magno
921 2453 1234 2512 quorumqued
1257 2453 1562 2511 adjacentium
1583 2468 1689 2495 con-

228 2604 260 2626 a.
285 2595 399 2626 Texte
416 2595 461 2626 de
476 2595 812 2636 eott1011p.58-64
834 2604 882 2625 ou
901 2594 928 2625 1⁸⁰
947 2596 1003 2625 43-
1006 2597 1072 2626 51:
1091 2594 1179 2625 «Dc
1198 2594 1352 2625 vinculis
1365 2593 1498 2633 quibus
1513 2593 1691 2623 Dominus

186 2638 311 2668 noster
327 2637 364 2670 J.
370 2636 430 2669 -C.
453 2637 498 2668 ad
516 2637 678 2677 stipitem
701 2636 834 2677 ligatus
853 2636 996 2674 suerat;
1012 2636 1055 2666 dc
1079 2607 1199 2672 {iam-is
1217 2635 1348 2676 quibus
1373 2635 1575 2673 flagellatus
1597 2634 1690 2673 fuit;

186 2678 230 2710 de
248 2678 374 2719 spinea
400 2688 534 2710 coiona
558 2688 628 2726 qua
647 2687 788 2709 sacrum
813 2679 922 2718 caput
947 2677 1086 2717 ambit;
1111 2678 1155 2708 de
1177 2678 1258 2718 ipso
1276 2687 1315 2708 ci
1318 2687 1395 2708 ucis
1421 2677 1519 2717 liguo
1542 2676 1599 2707 cui
1624 2676 1692 2707 suit

186 2729 408 2760 appensum3
434 2720 478 2751 de
501 2721 649 2751 camisia
677 2719 742 2751 Dei
764 2719 951 2760 genitricis
975 2720 1010 2750 in
1038 2703 1107 2760 qiia
1136 2719 1329 2750 Dominum
1355 2719 1458 2749 enixa
1488 2719 1625 2756 suerat,
1647 2718 1690 2748 dc

186 2762 348 2793 omnium
366 2762 524 2794 induviis
542 2762 833 2802 apostolorum.
827 2760 946 2793 ».—b
966 2760 1067 2792 Con.
1084 2761 1127 2792 dc
1149 2761 1192 2792 D
1213 2760 1404 2792 braleisB.
1423 2778 1458 2782 —
1481 2770 1510 2792 c.
1533 2758 1691 2790 Est-lesia

186 2802 231 2835 D.
247 2820 285 2826 —
303 2803 338 2836 d.
353 2803 598 2846 quorumdam
613 2803 658 2834 D.
