1930 3224
581 232 683 264 vm.
718 231 914 262 emnam
944 232 1052 262 vim
1084 233 1205 262 mnan
1236 231 1250 261 1
1609 220 1665 264 73

290 349 360 378 ea
384 338 716 386 conversatam,
751 332 987 375 mulierem
1022 332 1155 391 plane
1190 332 1347 375 multis
1382 333 1630 376 crucibus
1621 350 1667 377 in

107 396 404 466 ‘Jffipofficie
435 417 526 446 suo
571 401 748 479 corpori
783 416 961 460 semper
1000 401 1228 455 infestam,
1273 406 1320 444 at
1362 417 1469 444 vero
1511 407 1667 445 contra

83 464 419 536 {Uppetitum
468 471 633 525 inanis,
681 475 732 513 ut
763 470 1012 523 dicebatur,
1059 469 1216 528 gloriae
1254 469 1405 513 minus
1451 475 1662 524 cautam;

102 535 281 600 ,sm
286 539 540 617 ,inquam,
578 538 692 582 vidit
725 554 751 581 a
783 538 960 581 duobus
1003 505 1104 581 i'erri
1143 539 1400 597 nigerrimis
1433 539 1666 597 spiritibus

119 608 452 669 ,ῆκῖιρεσιθιιιφιθ
473 608 571 667 ejus
594 607 908 665 umbraticam.
942 607 1081 650 Porro
1104 607 1213 650 dum
1237 622 1353 650 anus
1373 607 1452 650 illa
1474 608 1664 661 viveret,

102 681 213 731 ’ως-ἰοὶ
229 677 397 736 pariter
419 677 566 720 ambae
597 662 926 730 cohabitarent,
962 676 1071 719 dum
1105 676 1161 718 de
1191 680 1315 719 statu
1345 676 1599 720 animarum
1623 681 1667 719 et

164 747 352 791 mrum
373 746 589 789 mortium
616 745 852 788 eventibus
871 745 1180 803 loquerentur,
1215 744 1459 803 aliquando
1482 745 1667 804 pepige-

31 871 34 874 Δ
72 802 274 871 gitamt:
294 819 454 859 mutuo
479 813 581 867 sibi,
611 818 662 857 ut
688 829 788 872 quae
816 814 959 872 prima
987 813 1239 861 decederet,
1264 814 1497 872 superstiti
1520 815 1666 873 quali-

28 875 34 881 ¹
71 879 130 931 ἶ.
162 872 308 931 sstem
328 887 477 927 status
502 883 588 937 sui,
624 883 720 929 sivss
746 882 928 933 bonam,
969 883 1063 925 sive
1097 882 1280 936 malam,
1312 883 1568 940 apparendo
1589 898 1668 942 per

159 947 253 998 Dei
267 951 461 1010 gratiam
482 951 807 1005 manifestaret,
838 956 884 994 et
909 951 995 994 hoc
1018 951 1155 994 etiam
1179 952 1383 994 oratione
1410 951 1662 1006 firmarunt,

67 1010 313 1077 ⁴{Jssw‘Deum
338 1020 497 1064 sedulo
542 1020 847 1071 obsecrantes,
897 1025 966 1073 ut,
1013 1024 1118 1078 post
1162 1019 1339 1062 obitum
1383 1020 1662 1075 alterutrius,

55 1080 107 1151 Ξ
149 1088 295 1134 {lteri
318 1089 455 1134 liceat
476 1090 723 1133 essentiam
761 1089 954 1132 fortunae
986 1089 1060 1132 vel
1097 1088 1335 1131 infortunii
1368 1089 1438 1131 sui
1476 1089 1665 1132 visionis

56 1156 118 1209 ἕ]
153 1156 419 1218 *cujuspiam
438 1158 957 1215 revelationedetegere.
982 1157 1085 1216 Ipsa
1105 1173 1285 1217 quoque
1314 1172 1427 1200 anus
1448 1158 1665 1201 moritura

74 1216 82 1226 ⁸
162 1226 219 1271 in*
234 1226 411 1270 visione
431 1242 482 1271 se
507 1227 697 1282 viderat,
719 1242 906 1286 corpore
938 1226 1196 1284 spoliatam,
1232 1241 1336 1269 cum
1372 1226 1474 1269 aliis
1507 1227 1664 1269 simili·

135 1297 142 1304 ”
159 1294 248 1340 bus
266 1295 325 1339 ad
340 1295 571 1355 quoddam
591 1296 802 1339 devenire
822 1295 1060 1354 templum,
1085 1311 1186 1354 quae
1209 1295 1327 1337 inter
1347 1295 1546 1338 eundum
1566 1311 1666 1339 cru-

52 1407 76 1415 ,,
164 1378 264 1409 cem
289 1379 314 1409 a
341 1357 553 1423 scapulis'-
579 1365 666 1408 sibi
703 1364 819 1407 ferre
853 1364 1107 1407 videbatur.
1143 1363 1218 1406 Ad
1249 1364 1471 1421 templum
1513 1370 1664 1408 autem

70 1425 74 1428 ⁴
126 1440 132 1446 '
165 1446 268 1478 oum
295 1433 376 1477 illo
399 1433 619 1478 comitatu
641 1434 846 1487 veniens,
877 1432 1098 1476 obseratis
1128 1432 1300 1476 foribus
1327 1437 1455 1475 extra
1485 1449 1666 1477 manere

57 1549 77 1558 ,
162 1501 424 1560 cogebatur.
459 1502 687 1562 Apparuit
722 1502 917 1560 denique
950 1502 1047 1560 jam
1080 1506 1258 1544 mortua
1293 1501 1473 1544 cuidam
1505 1502 1582 1545 alii
1619 1503 1666 1546 in

58 1571 104 1620 5²*-
151 1570 345 1630 magnis
360 1570 602 1614 foetoribus
622 1571 887 1626 constituta,
917 1571 989 1613 cui
1007 1570 1255 1629 plurimum
1276 1570 1662 1629 aggratulabatur,

152 1640 284 1699 «quod
317 1655 398 1699 per
428 1639 527 1698 ejus
559 1640 787 1683 orationes
822 1656 847 1683 a
880 1644 1041 1698 putore
1072 1644 1117 1682 et
1154 1639 1310 1682 dolore
1344 1644 1464 1683 esset
1493 1645 1659 1698 erepta.

64 1703 95 1765 js
159 1706 385 1753 Proeterea
413 1708 523 1752 dum
561 1709 718 1752 eadem
750 1708 848 1767 ipsa
877 1713 1140 1762 moreretur,
1176 1723 1200 1750 a
1227 1708 1341 1766 pede
1367 1708 1522 1751 lectuli
1556 1709 1664 1751 hor-

158 1776 309 1821 rendae
326 1777 491 1836 speciei
504 1777 756 1821 daemonem
769 1778 1011 1821 teterrimae
1031 1777 1316 1820 enormitatis
1330 1776 1484 1820 oculos
1498 1776 1665 1820 haben-

70 1900 75 1907 ·
159 1849 255 1890 tem
289 1850 436 1890 astare
461 1846 712 1905 prospexit.
749 1846 895 1900 Quem
928 1851 1082 1890 tamen
1120 1845 1199 1888 illa
1237 1845 1403 1888 divinis
1439 1845 1663 1889 obtestata

154 1905 355 1959 {nimium
386 1915 696 1969 sacramentis,
740 1920 793 1959 ut
830 1931 852 1958 a
895 1930 943 1958 se
969 1914 1308 1958 *confusibiliter
1335 1914 1577 1969 recederet,
1620 1920 1664 1958 et

86 1976 89 1980 ’
160 1982 277 2027 nihil
297 1999 431 2027 suum
454 1999 480 2027 a
503 1999 551 2027 se
573 1988 810 2043 repeteret,
838 1983 1031 2027 terribili
1054 1983 1336 2041 adjuratione
1361 1983 1570 2027 removit.

179 2072 182 2074 ·
224 2051 369 2110 Igitur
398 2057 543 2096 mater
586 2068 686 2096 mea
727 2068 781 2096 ex
823 2052 1138 2096 convenientia
1185 2051 1374 2095 visionis
1405 2052 1525 2095 veris
1559 2067 1665 2095 vera

163 2119 417 2176 conferens,
464 2126 511 2165 et
557 2137 613 2165 ex
648 2122 839 2165 instanti
873 2121 1056 2165 oraculo
1094 2121 1256 2163 militis
1285 2135 1390 2163 mox
1423 2121 1660 2180 perempti,

164 2204 301 2248 quem
325 2190 530 2248 poenales
552 2190 640 2233 sibi
672 2190 796 2234 locos
820 2191 940 2249 apud
966 2189 1134 2233 inferos
1148 2189 1245 2248 jam
1278 2189 1430 2233 sortiri
1459 2189 1665 2248 pervide-

161 2262 249 2312 rat,
272 2258 465 2303 infantis
481 2259 720 2314 clamores,
737 2259 867 2318 cujus
887 2274 978 2301 non
1014 2259 1161 2302 fuerat
1183 2259 1355 2316 ignara,
1383 2258 1629 2316 conjiciens
1646 2265 1665 2285 ἃ

161 2326 209 2373 in
242 2327 371 2370 nullo
410 2327 468 2372 de
501 2328 575 2371 his
611 2327 766 2382 dubia,
806 2333 951 2371 totam
990 2343 1038 2372 se
1077 2328 1134 2371 ad
1174 2327 1373 2370 subsidia
1406 2327 1524 2386 patri
1564 2341 1664 2370 meo

135 2418 139 2421 ·
160 2394 344 2440 ferenda
364 2397 606 2441 convertit.
633 2397 809 2441 Similia
831 2413 938 2456 ergo
963 2396 1189 2440 similibus
1219 2396 1469 2454 obJectans,
1502 2411 1665 2454 pauco-

160 2479 262 2509 rum
286 2465 536 2523 admodum
567 2466 795 2509 mensium
828 2466 1119 2521 infantulum,
1147 2465 1413 2524 parentibus
1437 2464 1682 2517 orbatum,.

160 2532 282 2578 adse
309 2534 582 2579 contrahens
602 2535 775 2578 nutrire
820 2534 1002 2593 delegit.
1046 2535 1111 2577 At
1146 2534 1354 2577 diabolus
1395 2533 1480 2591 piae
1515 2533 1664 2576 inten-

161 2601 290 2658 tioni,
315 2619 399 2647 nec
422 2603 574 2646 minus
588 2603 864 2647 fidelissimae
885 2603 1051 2647 actioni
1068 2603 1292 2656 invidens,
1318 2618 1422 2645 cum
1440 2602 1547 2645 totis
1574 2601 1665 2644 die-

162 2669 249 2714 bus
255 2671 561 2731 placidissime
576 2687 624 2715 se
635 2677 804 2730 ageret,
824 2672 1027 2715 vicissim
1035 2673 1263 2731 jocaretur
1278 2677 1412 2729 atque
1431 2670 1660 2723 dormiret,

163 2739 373 2784 noctibus
422 2745 549 2785 tanta
592 2741 800 2784 vecordia
838 2740 1075 2799 vagituum
1111 2746 1155 2785 et
1191 2740 1440 2784 clamorum
1474 2743 1665 2782 matrem

205 2861 239 2885 a.
257 2851 439 2886 coniciens
453 2854 494 2887 B.
