1930 3224
574 245 676 278 vaN.
712 245 909 278 emacim
939 246 1055 278 vrrs
1081 247 1200 278 mima
1234 248 1247 277 1
1611 231 1666 276 47

152 340 415 405 hominem
424 347 569 401 illum,
608 347 729 406 quod
763 347 860 391 sine
905 353 1054 391 mente
1097 363 1187 390 non
1219 351 1410 406 poterat,
1454 347 1667 390 continue

123 416 432 476 loqueretur.
455 415 606 493 Cujus·
623 416 743 459 enim
766 431 918 459 amore
943 432 1020 459 cor
1035 416 1268 471 exuberat,
1287 431 1340 459 eo
1364 431 1412 458 se
1433 415 1589 473 lingua
1610 415 1666 458 ad

58 465 63 468 ¹
95 498 99 502 ‘
158 483 456 573 loquendum,
480 484 610 543 quasi
636 484 748 528 velit
774 485 905 539 nolit,
935 485 1162 528 informat.

720 630 952 729 [CAPUT
979 670 1114 728 x1v]

682 771 699 782 α

167 824 170 827 ’
218 819 310 864 Sed
332 819 404 863 his
430 819 627 874 omissis,
665 819 711 862 in
747 820 912 878 quibus
944 820 1128 878 quidem
1160 819 1295 872 bona,
1322 819 1403 862 sed
1435 835 1526 862 non
1556 820 1667 863 adeo

160 884 407 948 spectanda
448 882 684 947 processit,
734 889 913 931 residua
957 893 1284 949 consectemur,
1324 889 1367 931 A
1402 889 1544 946 patris
1579 888 1668 931 mei

159 957 287 1001 obitu
307 972 409 1000 cum
430 957 570 1000 ferme
599 957 908 1000 duodennium
920 966 954 1012 ἃ,
976 962 1027 1000 ut
1053 957 1236 1016 quidam
1256 962 1480 1010 asserunt,
1511 957 1667 1015 exple-

157 1029 344 1084 vissem,
379 1045 470 1088 quo
496 1034 542 1072 et
568 1029 753 1072 domum
783 1035 918 1088 atque
955 1034 1086 1072 natos
1114 1029 1300 1087 praelato
1322 1029 1476 1071 sacculi
1512 1029 1670 1071 habitu

157 1097 242 1142 sub
273 1097 494 1142 viduitate
524 1100 763 1151 curaverit,
797 1114 898 1157 quae
925 1098 1098 1141 diutina
1135 1098 1415 1141 revolutione
1438 1098 1664 1156 parturiit,

156 1165 352 1211 foelicem
387 1167 632 1226 perducere
674 1167 944 1226 properabat
989 1167 1045 1209 ad
1077 1172 1273 1226 partum.
1324 1167 1443 1209 Dum
1475 1182 1581 1225 ergo
1623 1167 1670 1209 in

157 1234 295 1294 hujus
314 1236 534 1295 propositi
554 1236 879 1279 deliberatione
915 1236 1146 1294 penderet,
1183 1240 1229 1278 et
1262 1251 1364 1278 cum
1395 1236 1490 1278 solo
1522 1235 1671 1294 paeda-

155 1318 275 1363 gogo
308 1320 425 1359 me0,
470 1305 550 1364 qui
597 1310 643 1348 et
687 1305 904 1363 magister
935 1304 1081 1348 fuerat
1115 1303 1187 1363 (de
1209 1320 1298 1363 quo
1323 1304 1532 1362 superius
1559 1304 1666 1363 egi),

100 1410 102 1413 .
157 1388 295 1432 super
325 1373 412 1417 hoc
441 1373 539 1432 ipso
576 1379 806 1430 tractaret,
841 1373 996 1416 audivi
1028 1373 1256 1432 quendam
1293 1388 1665 1431 energumenum,

156 1441 234 1502 qui
256 1442 303 1485 in
323 1442 421 1500 ejus
444 1442 649 1486 alebatur
669 1443 819 1496 domo,
845 1459 947 1485 cum
967 1443 1021 1485 de
1052 1458 1102 1485 ea
1133 1442 1285 1485 nescio
1306 1458 1406 1501 quae
1433 1442 1518 1485 alia
1547 1442 1668 1485 dela-

154 1514 312 1568 traret,
352 1516 552 1570 ,urgente
601 1527 649 1554 se
698 1511 918 1565 daemone,
968 1511 1298 1554 declamantem
1330 1525 1338 1555 :
1388 1530 1408 1552 «
1455 1511 1663 1565 Crucem,

154 1579 318 1639 inquit,
336 1585 586 1640 posuerunt
599 1580 854 1639 presbyteri
874 1581 921 1623 in
936 1581 1118 1623 renibus
1139 1581 1251 1639 ejuS.
1280 1598 1299 1619 »
1319 1580 1418 1633 Quo
1439 1580 1667 1639 siquidem

154 1648 270 1692 nihil
285 1649 454 1702 verius,
481 1650 588 1693 licet
619 1654 728 1692 tunc
755 1665 1043 1708 nequaquam
1069 1649 1179 1707 quid
1201 1649 1410 1692 innueret
1437 1649 1663 1704 sciverim,

154 1719 260 1761 nani
280 1733 372 1761 non
397 1718 492 1773 uni,
514 1718 596 1761 sed
612 1718 771 1761 multis
792 1718 942 1776 seipsa
969 1718 1131 1761 deinde
1166 1718 1406 1776 supposuit
1436 1717 1663 1761 crucibus.

156 1785 399 1837 Necmora
421 1803 525 1830 cum
545 1787 718 1830 nemini
738 1803 808 1830 res
835 1791 1026 1845 pateret,
1050 1791 1214 1845 praeter
1244 1786 1310 1829 illi
1348 1802 1484 1844 quem
1515 1787 1667 1845 praeli-

153 1855 372 1911 baverim,
397 1855 577 1899 cuidam
600 1856 763 1898 domus
787 1872 879 1898 suae
906 1856 1225 1914 dispensatori,
1260 1855 1334 1913 qui
1369 1861 1413 1898 et
1446 1855 1543 1913 ipse
1562 1871 1668 1898 con-

153 1939 334 1968 versam
373 1940 474 1968 eam
513 1925 602 1968 cita
641 1930 711 1968 est
746 1924 1037 1983 postmodum
1079 1924 1234 1967 saeculi
1270 1924 1666 1967 abrenuntiatione

153 1997 355 2049 secutus,
385 1994 475 2037 tale
495 1993 606 2052 quid
628 1994 675 2036 in
701 1993 875 2036 somnis
895 1993 1121 2052 apparuit,
1147 1993 1266 2052 quod
1283 1992 1496 2036 videlicet
1515 1993 1665 2035 virum

153 2060 351 2116 duceret,
373 2062 558 2121 nuptias
577 2062 842 2116 celebraret,
872 2078 973 2121 quae
993 2078 1063 2105 res
1084 2062 1239 2105 liberis
1275 2061 1389 2119 ejus,
1430 2062 1586 2105 amicis
1615 2078 1666 2105 ac

151 2131 413 2192 parentibus
445 2131 711 2175 miraculum
753 2137 798 2174 et
834 2136 1068 2189 stuporem
1108 2131 1359 2174 maximum
1407 2136 1660 2189 generaret.

154 2199 377 2242 Postridie
396 2204 539 2243 mater
558 2216 662 2243 cum
682 2200 1039 2254 deambulatum,
1081 2200 1244 2243 comite
1279 2200 1461 2243 doctore
1496 2215 1595 2243 meo
1621 2205 1665 2242 et

153 2268 312 2322 eodem
331 2284 581 2323 oeconomo,
601 2285 679 2312 rus
694 2269 794 2323 iret,
811 2269 966 2312 intulit
983 2269 1060 2311 ille
1075 2285 1175 2328 quae
1194 2269 1383 2312 viderat.
1408 2269 1503 2312 Nec
1523 2273 1667 2312 mater

151 2336 199 2380 in
221 2337 391 2381 talibus
408 2338 717 2381 versutissima
746 2338 992 2396 interprete
1025 2338 1166 2396 eguit,
1207 2338 1286 2380 sed
1313 2338 1370 2380 ad
1399 2338 1666 2395 magistrum

152 2404 284 2449 illum
301 2407 563 2466 respiciens,
585 2407 707 2466 quod
727 2422 777 2450 ea
793 2423 892 2465 quae
904 2407 1024 2449 inter
1043 2422 1120 2449 eos
1140 2407 1195 2449 de
1223 2406 1323 2460 Dei,
1351 2406 1424 2448 cui
1449 2406 1667 2465 conjungi

153 2474 454 2530 desiderabat,
487 2491 638 2519 amore
674 2475 1002 2529 tractabantur,
1050 2475 1147 2518 visa
1198 2475 1276 2518 illa
1323 2475 1661 2533 portenderent,

154 2543 340 2587 silenter
358 2544 571 2588 innotuit.
596 2544 870 2587 Accelerans
898 2559 1004 2602 ergo
1031 2545 1153 2603 quod
1179 2549 1392 2602 coeperat,
1418 2549 1463 2587 et
1496 2544 1664 2586 interni

155 2612 225 2655 sui
241 2617 381 2656 aestus
399 2613 658 2671 impatiens,
682 2613 853 2671 oppidi,
875 2613 921 2655 in
939 2629 1028 2671 quo
1054 2612 1329 2667 morabatur,
1354 2613 1662 2655 conversatio-

153 2705 259 2733 nem
276 2690 491 2734 deseruit.

196 2813 229 2836 a.
251 2802 477 2836 duodenium
492 2803 531 2835 B.
