<?xml version="1.0" encoding="UTF-8"?>
<!DOCTYPE html PUBLIC "-//W3C//DTD XHTML 1.0 Transitional//EN"
    "http://www.w3.org/TR/xhtml1/DTD/xhtml1-transitional.dtd">
<html xmlns="http://www.w3.org/1999/xhtml" xml:lang="en" lang="en">
 <head>
  <title>
</title>
<meta http-equiv="Content-Type" content="text/html;charset=utf-8" />
  <meta name='ocr-system' content='tesseract 3.04.00' />
  <meta name='ocr-capabilities' content='ocr_page ocr_carea ocr_par ocr_line ocrx_word'/>
</head>
<body>
  <div class='ocr_page' id='page_1' title='image "./histoiredesavie100guibuoft_0242.png"; bbox 0 0 1930 3224; ppageno 0'>
   <div class='ocr_carea' id='block_1_1' title="bbox 1697 0 1930 431">
    <p class='ocr_par' dir='ltr' id='par_1_1' title="bbox 1697 0 1930 431">
     <span class='ocr_line' id='line_1_1' title="bbox 1697 0 1930 431; baseline 0 0"><span class='ocrx_word' id='word_1_1' title='bbox 1697 0 1930 431; x_wconf 95' lang='lat' dir='ltr'>  </span> 
     </span>
    </p>
   </div>
   <div class='ocr_carea' id='block_1_2' title="bbox 268 229 1372 274">
    <p class='ocr_par' dir='ltr' id='par_1_2' title="bbox 268 229 1372 274">
     <span class='ocr_line' id='line_1_2' title="bbox 268 229 1372 274; baseline 0.001 -3"><span class='ocrx_word' id='word_1_2' title='bbox 268 229 352 274; x_wconf 77' lang='lat'>168</span> <span class='ocrx_word' id='word_1_3' title='bbox 680 244 777 273; x_wconf 66' lang='lat' dir='ltr'>vm&#39;.</span> <span class='ocrx_word' id='word_1_4' title='bbox 813 244 1003 272; x_wconf 72' lang='lat' dir='ltr'>GulssERT!</span> <span class='ocrx_word' id='word_1_5' title='bbox 1040 245 1143 273; x_wconf 75' lang='lat' dir='ltr'>vi&#39;rAE</span> <span class='ocrx_word' id='word_1_6' title='bbox 1175 245 1295 273; x_wconf 74' lang='lat' dir='ltr'>LIBER</span> <span class='ocrx_word' id='word_1_7' title='bbox 1327 245 1372 273; x_wconf 92' lang='lat'>111</span> 
     </span>
    </p>
   </div>
   <div class='ocr_carea' id='block_1_3' title="bbox 267 337 1771 2237">
    <p class='ocr_par' dir='ltr' id='par_1_3' title="bbox 267 337 1766 1284">
     <span class='ocr_line' id='line_1_3' title="bbox 267 337 1756 400; baseline 0.001 -15"><span class='ocrx_word' id='word_1_8' title='bbox 267 337 430 385; x_wconf 85' lang='lat' dir='ltr'>animis</span> <span class='ocrx_word' id='word_1_9' title='bbox 461 343 747 394; x_wconf 87' lang='lat' dir='ltr'>insultarent,</span> <span class='ocrx_word' id='word_1_10' title='bbox 777 358 893 384; x_wconf 89' lang='lat' dir='ltr'>unus</span> <span class='ocrx_word' id='word_1_11' title='bbox 925 342 1103 384; x_wconf 89' lang='lat' dir='ltr'>nomine</span> <span class='ocrx_word' id='word_1_12' title='bbox 1145 343 1411 396; x_wconf 86' lang='lat' dir='ltr'>Bernardus,</span> <span class='ocrx_word' id='word_1_13' title='bbox 1457 346 1756 400; x_wconf 82' lang='lat' dir='ltr'>cognomento</span> 
     </span>
     <span class='ocr_line' id='line_1_4' title="bbox 267 410 1753 469; baseline 0 -15"><span class='ocrx_word' id='word_1_14' title='bbox 267 411 323 454; x_wconf 88' lang='lat' dir='ltr'>de</span> <span class='ocrx_word' id='word_1_15' title='bbox 352 411 548 453; x_wconf 90' lang='lat' dir='ltr'>Brueriis</span> <span class='ocrx_word' id='word_1_16' title='bbox 570 411 599 463; x_wconf 89' lang='lat'>¹,</span> <span class='ocrx_word' id='word_1_17' title='bbox 630 410 805 452; x_wconf 89' lang='lat' dir='ltr'>elevato</span> <span class='ocrx_word' id='word_1_18' title='bbox 820 410 1019 468; x_wconf 82' lang='lat' dir='ltr'>bipenni,</span> <span class='ocrx_word' id='word_1_19' title='bbox 1049 426 1241 463; x_wconf 85' lang='lat' dir='ltr'>sacrum,</span> <span class='ocrx_word' id='word_1_20' title='bbox 1263 411 1470 468; x_wconf 87' lang='lat' dir='ltr'>quamvis</span> <span class='ocrx_word' id='word_1_21' title='bbox 1491 410 1753 469; x_wconf 79' lang='lat' dir='ltr'>peccatoris,</span> 
     </span>
     <span class='ocr_line' id='line_1_5' title="bbox 270 477 1758 536; baseline -0.001 -15"><span class='ocrx_word' id='word_1_22' title='bbox 270 479 487 521; x_wconf 86' lang='lat' dir='ltr'>verticem</span> <span class='ocrx_word' id='word_1_23' title='bbox 527 478 803 520; x_wconf 79' lang='lat' dir='ltr'>truculenter</span> <span class='ocrx_word' id='word_1_24' title='bbox 837 477 1121 531; x_wconf 85' lang='lat' dir='ltr'>excerebrat;</span> <span class='ocrx_word' id='word_1_25' title='bbox 1146 478 1223 536; x_wconf 89' lang='lat' dir='ltr'>qui</span> <span class='ocrx_word' id='word_1_26' title='bbox 1257 494 1359 520; x_wconf 90' lang='lat' dir='ltr'>cum</span> <span class='ocrx_word' id='word_1_27' title='bbox 1385 478 1610 521; x_wconf 81' lang='lat' dir='ltr'>laberetur</span> <span class='ocrx_word' id='word_1_28' title='bbox 1640 478 1758 522; x_wconf 77' lang='lat' dir='ltr'>inter</span> 
     </span>
     <span class='ocr_line' id='line_1_6' title="bbox 268 546 1756 604; baseline 0.001 -15"><span class='ocrx_word' id='word_1_29' title='bbox 268 547 520 589; x_wconf 89' lang='lat' dir='ltr'>tenentium</span> <span class='ocrx_word' id='word_1_30' title='bbox 549 562 723 600; x_wconf 87' lang='lat' dir='ltr'>manus,</span> <span class='ocrx_word' id='word_1_31' title='bbox 746 551 988 604; x_wconf 85' lang='lat' dir='ltr'>antequam</span> <span class='ocrx_word' id='word_1_32' title='bbox 1008 546 1245 599; x_wconf 86' lang='lat' dir='ltr'>decideret,</span> <span class='ocrx_word' id='word_1_33' title='bbox 1267 546 1322 588; x_wconf 89' lang='lat' dir='ltr'>ab</span> <span class='ocrx_word' id='word_1_34' title='bbox 1338 547 1477 589; x_wconf 86' lang='lat' dir='ltr'>altero</span> <span class='ocrx_word' id='word_1_35' title='bbox 1499 546 1582 589; x_wconf 90' lang='lat' dir='ltr'>sub</span> <span class='ocrx_word' id='word_1_36' title='bbox 1604 546 1756 590; x_wconf 84' lang='lat' dir='ltr'>ocula-</span> 
     </span>
     <span class='ocr_line' id='line_1_7' title="bbox 270 614 1754 671; baseline 0.002 -16"><span class='ocrx_word' id='word_1_37' title='bbox 270 614 394 656; x_wconf 83' lang='lat' dir='ltr'>ribus</span> <span class='ocrx_word' id='word_1_38' title='bbox 421 630 499 671; x_wconf 90' lang='lat' dir='ltr'>per</span> <span class='ocrx_word' id='word_1_39' title='bbox 532 614 729 656; x_wconf 89' lang='lat' dir='ltr'>medium</span> <span class='ocrx_word' id='word_1_40' title='bbox 754 614 851 656; x_wconf 88' lang='lat' dir='ltr'>nasi</span> <span class='ocrx_word' id='word_1_41' title='bbox 884 630 939 656; x_wconf 88' lang='lat' dir='ltr'>ex</span> <span class='ocrx_word' id='word_1_42' title='bbox 963 619 1218 656; x_wconf 86' lang='lat' dir='ltr'>transverso</span> <span class='ocrx_word' id='word_1_43' title='bbox 1252 630 1489 671; x_wconf 83' lang='lat' dir='ltr'>percussus</span> <span class='ocrx_word' id='word_1_44' title='bbox 1531 615 1754 658; x_wconf 79' lang='lat' dir='ltr'>occubuit.</span> 
     </span>
     <span class='ocr_line' id='line_1_8' title="bbox 274 682 1759 740; baseline 0.001 -16"><span class='ocrx_word' id='word_1_45' title='bbox 274 683 338 724; x_wconf 90' lang='lat' dir='ltr'>lbi</span> <span class='ocrx_word' id='word_1_46' title='bbox 373 682 649 740; x_wconf 89' lang='lat' dir='ltr'>pessundato</span> <span class='ocrx_word' id='word_1_47' title='bbox 691 687 734 724; x_wconf 90' lang='lat' dir='ltr'>et</span> <span class='ocrx_word' id='word_1_48' title='bbox 760 682 893 724; x_wconf 83' lang='lat' dir='ltr'>tibias</span> <span class='ocrx_word' id='word_1_49' title='bbox 933 682 1224 725; x_wconf 87' lang='lat' dir='ltr'>conciderunt</span> <span class='ocrx_word' id='word_1_50' title='bbox 1261 688 1305 725; x_wconf 89' lang='lat' dir='ltr'>et</span> <span class='ocrx_word' id='word_1_51' title='bbox 1342 683 1526 725; x_wconf 85' lang='lat' dir='ltr'>vulnera</span> <span class='ocrx_word' id='word_1_52' title='bbox 1564 682 1759 740; x_wconf 80' lang='lat' dir='ltr'>plurima</span> 
     </span>
     <span class='ocr_line' id='line_1_9' title="bbox 272 750 1761 808; baseline 0.001 -16"><span class='ocrx_word' id='word_1_53' title='bbox 272 751 549 792; x_wconf 89' lang='lat' dir='ltr'>indiderunt.</span> <span class='ocrx_word' id='word_1_54' title='bbox 587 751 651 792; x_wconf 85' lang='lat' dir='ltr'>At</span> <span class='ocrx_word' id='word_1_55' title='bbox 694 750 1035 807; x_wconf 81' lang='lat' dir='ltr'>Teudegaudus,</span> <span class='ocrx_word' id='word_1_56' title='bbox 1085 750 1242 792; x_wconf 89' lang='lat' dir='ltr'>videns</span> <span class='ocrx_word' id='word_1_57' title='bbox 1268 751 1483 793; x_wconf 88' lang='lat' dir='ltr'>annulum</span> <span class='ocrx_word' id='word_1_58' title='bbox 1526 750 1571 792; x_wconf 91' lang='lat' dir='ltr'>in</span> <span class='ocrx_word' id='word_1_59' title='bbox 1618 750 1761 808; x_wconf 81' lang='lat' dir='ltr'>digito</span> 
     </span>
     <span class='ocr_line' id='line_1_10' title="bbox 273 818 1760 876; baseline 0.001 -17"><span class='ocrx_word' id='word_1_60' title='bbox 273 818 502 876; x_wconf 90' lang='lat' dir='ltr'>quondam</span> <span class='ocrx_word' id='word_1_61' title='bbox 536 818 775 875; x_wconf 82' lang='lat' dir='ltr'>pontificis,</span> <span class='ocrx_word' id='word_1_62' title='bbox 812 834 912 860; x_wconf 90' lang='lat' dir='ltr'>cum</span> <span class='ocrx_word' id='word_1_63' title='bbox 939 818 1064 860; x_wconf 86' lang='lat' dir='ltr'>facile</span> <span class='ocrx_word' id='word_1_64' title='bbox 1086 834 1176 860; x_wconf 93' lang='lat' dir='ltr'>non</span> <span class='ocrx_word' id='word_1_65' title='bbox 1202 824 1356 875; x_wconf 85' lang='lat' dir='ltr'>posset</span> <span class='ocrx_word' id='word_1_66' title='bbox 1379 824 1658 876; x_wconf 87' lang='lat' dir='ltr'>extorquere,</span> <span class='ocrx_word' id='word_1_67' title='bbox 1705 818 1760 861; x_wconf 81' lang='lat' dir='ltr'>ab</span> 
     </span>
     <span class='ocr_line' id='line_1_11' title="bbox 273 886 1758 944; baseline 0.001 -16"><span class='ocrx_word' id='word_1_68' title='bbox 273 902 324 929; x_wconf 90' lang='lat' dir='ltr'>eo</span> <span class='ocrx_word' id='word_1_69' title='bbox 358 886 551 943; x_wconf 82' lang='lat' dir='ltr'>digitum</span> <span class='ocrx_word' id='word_1_70' title='bbox 590 892 764 928; x_wconf 88' lang='lat' dir='ltr'>mortuo</span> <span class='ocrx_word' id='word_1_71' title='bbox 798 901 904 927; x_wconf 90' lang='lat' dir='ltr'>ense</span> <span class='ocrx_word' id='word_1_72' title='bbox 932 886 1146 943; x_wconf 76' lang='lat' dir='ltr'>praecidit,</span> <span class='ocrx_word' id='word_1_73' title='bbox 1182 886 1488 944; x_wconf 83' lang='lat' dir='ltr'>annulumque</span> <span class='ocrx_word' id='word_1_74' title='bbox 1529 886 1758 944; x_wconf 85' lang='lat' dir='ltr'>corripuit.</span> 
     </span>
     <span class='ocr_line' id='line_1_12' title="bbox 277 953 1763 1011; baseline 0 -15"><span class='ocrx_word' id='word_1_75' title='bbox 277 955 430 1011; x_wconf 87' lang='lat' dir='ltr'>Itaque</span> <span class='ocrx_word' id='word_1_76' title='bbox 458 954 709 1011; x_wconf 85' lang='lat' dir='ltr'>expoliatus</span> <span class='ocrx_word' id='word_1_77' title='bbox 731 954 785 995; x_wconf 85' lang='lat' dir='ltr'>ad</span> <span class='ocrx_word' id='word_1_78' title='bbox 812 955 982 996; x_wconf 90' lang='lat' dir='ltr'>nudum</span> <span class='ocrx_word' id='word_1_79' title='bbox 1014 954 1058 995; x_wconf 92' lang='lat' dir='ltr'>in</span> <span class='ocrx_word' id='word_1_80' title='bbox 1080 954 1296 1011; x_wconf 83' lang='lat' dir='ltr'>angulum</span> <span class='ocrx_word' id='word_1_81' title='bbox 1322 959 1425 996; x_wconf 91' lang='lat' dir='ltr'>ante</span> <span class='ocrx_word' id='word_1_82' title='bbox 1449 953 1668 1011; x_wconf 84' lang='lat' dir='ltr'>capellani</span> <span class='ocrx_word' id='word_1_83' title='bbox 1693 953 1763 996; x_wconf 88' lang='lat' dir='ltr'>sui</span> 
     </span>
     <span class='ocr_line' id='line_1_13' title="bbox 276 1021 1761 1081; baseline 0 -17"><span class='ocrx_word' id='word_1_84' title='bbox 276 1023 459 1064; x_wconf 91' lang='lat' dir='ltr'>domum</span> <span class='ocrx_word' id='word_1_85' title='bbox 484 1022 730 1080; x_wconf 82' lang='lat' dir='ltr'>projicitur.</span> <span class='ocrx_word' id='word_1_86' title='bbox 761 1023 882 1064; x_wconf 91' lang='lat' dir='ltr'>Deus</span> <span class='ocrx_word' id='word_1_87' title='bbox 909 1038 1050 1073; x_wconf 87' lang='lat' dir='ltr'>meus,</span> <span class='ocrx_word' id='word_1_88' title='bbox 1076 1022 1176 1080; x_wconf 91' lang='lat' dir='ltr'>quis</span> <span class='ocrx_word' id='word_1_89' title='bbox 1204 1026 1391 1072; x_wconf 81' lang='lat' dir='ltr'>retexat,</span> <span class='ocrx_word' id='word_1_90' title='bbox 1416 1027 1525 1081; x_wconf 91' lang='lat' dir='ltr'>quot</span> <span class='ocrx_word' id='word_1_91' title='bbox 1548 1021 1761 1080; x_wconf 85' lang='lat' dir='ltr'>injacen-</span> 
     </span>
     <span class='ocr_line' id='line_1_14' title="bbox 278 1089 1766 1148; baseline 0 -16"><span class='ocrx_word' id='word_1_92' title='bbox 278 1095 368 1132; x_wconf 92' lang='lat' dir='ltr'>tem</span> <span class='ocrx_word' id='word_1_93' title='bbox 388 1106 408 1132; x_wconf 84' lang='lat' dir='ltr'>a</span> <span class='ocrx_word' id='word_1_94' title='bbox 453 1091 922 1133; x_wconf 69' lang='lat' dir='ltr'>transeuntibus-sunt</span> <span class='ocrx_word' id='word_1_95' title='bbox 946 1089 1136 1132; x_wconf 87' lang='lat' dir='ltr'>ludibria</span> <span class='ocrx_word' id='word_1_96' title='bbox 1179 1090 1300 1147; x_wconf 86' lang='lat' dir='ltr'>jacta</span> <span class='ocrx_word' id='word_1_97' title='bbox 1347 1090 1600 1143; x_wconf 85' lang='lat' dir='ltr'>verborum,</span> <span class='ocrx_word' id='word_1_98' title='bbox 1654 1095 1766 1148; x_wconf 90' lang='lat' dir='ltr'>quot</span> 
     </span>
     <span class='ocr_line' id='line_1_15' title="bbox 278 1158 1765 1216; baseline 0.001 -17"><span class='ocrx_word' id='word_1_99' title='bbox 278 1158 511 1216; x_wconf 79' lang='lat' dir='ltr'>glebarum</span> <span class='ocrx_word' id='word_1_100' title='bbox 544 1158 758 1216; x_wconf 83' lang='lat' dir='ltr'>jactibus,</span> <span class='ocrx_word' id='word_1_101' title='bbox 789 1164 898 1216; x_wconf 90' lang='lat' dir='ltr'>quot</span> <span class='ocrx_word' id='word_1_102' title='bbox 920 1159 1056 1210; x_wconf 85' lang='lat' dir='ltr'>saxis,</span> <span class='ocrx_word' id='word_1_103' title='bbox 1081 1163 1189 1215; x_wconf 91' lang='lat' dir='ltr'>quot</span> <span class='ocrx_word' id='word_1_104' title='bbox 1228 1163 1296 1200; x_wconf 82' lang='lat' dir='ltr'>est</span> <span class='ocrx_word' id='word_1_105' title='bbox 1317 1158 1579 1215; x_wconf 87' lang='lat' dir='ltr'>pulveribus</span> <span class='ocrx_word' id='word_1_106' title='bbox 1605 1173 1765 1216; x_wconf 89' lang='lat' dir='ltr'>corpus</span> 
     </span>
     <span class='ocr_line' id='line_1_16' title="bbox 278 1227 584 1284; baseline 0 -16"><span class='ocrx_word' id='word_1_107' title='bbox 278 1242 543 1284; x_wconf 86' lang='lat' dir='ltr'>oppressum</span> <span class='ocrx_word' id='word_1_108' title='bbox 577 1227 584 1267; x_wconf 86' lang='lat'>!</span> 
     </span>
    </p>

    <p class='ocr_par' dir='ltr' id='par_1_4' title="bbox 281 1293 1771 2237">
     <span class='ocr_line' id='line_1_17' title="bbox 339 1293 1766 1353; baseline -0.001 -16"><span class='ocrx_word' id='word_1_109' title='bbox 339 1295 424 1337; x_wconf 88' lang='lat' dir='ltr'>Sed</span> <span class='ocrx_word' id='word_1_110' title='bbox 475 1300 715 1353; x_wconf 79' lang='lat' dir='ltr'>antequam</span> <span class='ocrx_word' id='word_1_111' title='bbox 759 1295 815 1336; x_wconf 87' lang='lat' dir='ltr'>ad</span> <span class='ocrx_word' id='word_1_112' title='bbox 868 1294 952 1336; x_wconf 88' lang='lat' dir='ltr'>alia</span> <span class='ocrx_word' id='word_1_113' title='bbox 990 1295 1340 1352; x_wconf 81' lang='lat' dir='ltr'>progrediamur,</span> <span class='ocrx_word' id='word_1_114' title='bbox 1376 1295 1613 1337; x_wconf 87' lang='lat' dir='ltr'>dicendum</span> <span class='ocrx_word' id='word_1_115' title='bbox 1645 1293 1766 1353; x_wconf 91' lang='lat' dir='ltr'>quod</span> 
     </span>
     <span class='ocr_line' id='line_1_18' title="bbox 281 1351 1761 1423; baseline 0.001 -19"><span class='ocrx_word' id='word_1_116' title='bbox 281 1363 496 1421; x_wconf 89' lang='lat' dir='ltr'>quiddam</span> <span class='ocrx_word' id='word_1_117' title='bbox 526 1379 665 1420; x_wconf 85' lang='lat' dir='ltr'>nuper</span> <span class='ocrx_word' id='word_1_118' title='bbox 688 1363 855 1405; x_wconf 88' lang='lat' dir='ltr'>factum</span> <span class='ocrx_word' id='word_1_119' title='bbox 881 1363 936 1404; x_wconf 88' lang='lat' dir='ltr'>ad</span> <span class='ocrx_word' id='word_1_120' title='bbox 957 1379 1089 1404; x_wconf 88' lang='lat' dir='ltr'>suum</span> <span class='ocrx_word' id='word_1_121' title='bbox 1121 1363 1250 1404; x_wconf 87' lang='lat' dir='ltr'>valde</span> <span class='ocrx_word' id='word_1_122' title='bbox 1290 1362 1477 1420; x_wconf 89' lang='lat' dir='ltr'>profecit</span> <span class='ocrx_word' id='word_1_123' title='bbox 1514 1351 1761 1423; x_wconf 70' lang='lat' dir='ltr'>interitum.</span> 
     </span>
     <span class='ocr_line' id='line_1_19' title="bbox 282 1430 1765 1483; baseline 0 -11"><span class='ocrx_word' id='word_1_124' title='bbox 282 1432 403 1473; x_wconf 87' lang='lat' dir='ltr'>Ante</span> <span class='ocrx_word' id='word_1_125' title='bbox 430 1431 559 1483; x_wconf 88' lang='lat' dir='ltr'>duos,</span> <span class='ocrx_word' id='word_1_126' title='bbox 583 1431 670 1472; x_wconf 89' lang='lat' dir='ltr'>nisi</span> <span class='ocrx_word' id='word_1_127' title='bbox 690 1431 835 1481; x_wconf 88' lang='lat' dir='ltr'>fallor,</span> <span class='ocrx_word' id='word_1_128' title='bbox 869 1447 959 1472; x_wconf 77' lang='lat' dir='ltr'>suae</span> <span class='ocrx_word' id='word_1_129' title='bbox 981 1431 1137 1472; x_wconf 83' lang='lat' dir='ltr'>mortis</span> <span class='ocrx_word' id='word_1_130' title='bbox 1179 1431 1289 1483; x_wconf 82' lang='lat' dir='ltr'>dies,</span> <span class='ocrx_word' id='word_1_131' title='bbox 1333 1436 1582 1473; x_wconf 87' lang='lat' dir='ltr'>conventus</span> <span class='ocrx_word' id='word_1_132' title='bbox 1611 1435 1679 1472; x_wconf 88' lang='lat' dir='ltr'>est</span> <span class='ocrx_word' id='word_1_133' title='bbox 1720 1430 1765 1472; x_wconf 89' lang='lat' dir='ltr'>in</span> 
     </span>
     <span class='ocr_line' id='line_1_20' title="bbox 283 1498 1767 1557; baseline 0 -17"><span class='ocrx_word' id='word_1_134' title='bbox 283 1499 427 1540; x_wconf 90' lang='lat' dir='ltr'>media</span> <span class='ocrx_word' id='word_1_135' title='bbox 460 1499 642 1541; x_wconf 85' lang='lat' dir='ltr'>basilica</span> <span class='ocrx_word' id='word_1_136' title='bbox 670 1515 694 1541; x_wconf 87' lang='lat' dir='ltr'>a</span> <span class='ocrx_word' id='word_1_137' title='bbox 724 1499 993 1557; x_wconf 87' lang='lat' dir='ltr'>primoribus</span> <span class='ocrx_word' id='word_1_138' title='bbox 1043 1499 1149 1541; x_wconf 89' lang='lat' dir='ltr'>cleri</span> <span class='ocrx_word' id='word_1_139' title='bbox 1184 1499 1268 1551; x_wconf 86' lang='lat' dir='ltr'>sui,</span> <span class='ocrx_word' id='word_1_140' title='bbox 1299 1499 1419 1556; x_wconf 90' lang='lat' dir='ltr'>quod</span> <span class='ocrx_word' id='word_1_141' title='bbox 1445 1499 1540 1555; x_wconf 81' lang='lat' dir='ltr'>regi</span> <span class='ocrx_word' id='word_1_142' title='bbox 1574 1498 1621 1540; x_wconf 90' lang='lat' dir='ltr'>in</span> <span class='ocrx_word' id='word_1_143' title='bbox 1658 1498 1767 1540; x_wconf 84' lang='lat' dir='ltr'>urbe</span> 
     </span>
     <span class='ocr_line' id='line_1_21' title="bbox 282 1567 1768 1623; baseline 0 -15"><span class='ocrx_word' id='word_1_144' title='bbox 282 1582 424 1623; x_wconf 88' lang='lat' dir='ltr'>nuper</span> <span class='ocrx_word' id='word_1_145' title='bbox 461 1567 705 1609; x_wconf 86' lang='lat' dir='ltr'>constituto</span> <span class='ocrx_word' id='word_1_146' title='bbox 744 1583 819 1609; x_wconf 88' lang='lat' dir='ltr'>eos</span> <span class='ocrx_word' id='word_1_147' title='bbox 848 1567 1082 1618; x_wconf 86' lang='lat' dir='ltr'>detulerat,</span> <span class='ocrx_word' id='word_1_148' title='bbox 1119 1567 1271 1609; x_wconf 89' lang='lat' dir='ltr'>dicens</span> <span class='ocrx_word' id='word_1_149' title='bbox 1312 1567 1495 1609; x_wconf 87' lang='lat' dir='ltr'>clericos</span> <span class='ocrx_word' id='word_1_150' title='bbox 1541 1581 1631 1608; x_wconf 91' lang='lat' dir='ltr'>non</span> <span class='ocrx_word' id='word_1_151' title='bbox 1670 1581 1768 1608; x_wconf 89' lang='lat' dir='ltr'>esse</span> 
     </span>
     <span class='ocr_line' id='line_1_22' title="bbox 283 1635 1770 1692; baseline 0 -16"><span class='ocrx_word' id='word_1_152' title='bbox 283 1635 566 1686; x_wconf 88' lang='lat' dir='ltr'>reverendos,</span> <span class='ocrx_word' id='word_1_153' title='bbox 597 1635 699 1692; x_wconf 86' lang='lat' dir='ltr'>quia</span> <span class='ocrx_word' id='word_1_154' title='bbox 728 1651 839 1692; x_wconf 86' lang='lat' dir='ltr'>pene</span> <span class='ocrx_word' id='word_1_155' title='bbox 866 1651 1022 1677; x_wconf 90' lang='lat' dir='ltr'>omnes</span> <span class='ocrx_word' id='word_1_156' title='bbox 1042 1651 1097 1677; x_wconf 88' lang='lat' dir='ltr'>ex</span> <span class='ocrx_word' id='word_1_157' title='bbox 1119 1635 1238 1692; x_wconf 85' lang='lat' dir='ltr'>regia</span> <span class='ocrx_word' id='word_1_158' title='bbox 1267 1635 1412 1677; x_wconf 89' lang='lat' dir='ltr'>forent</span> <span class='ocrx_word' id='word_1_159' title='bbox 1431 1635 1647 1677; x_wconf 84' lang='lat' dir='ltr'>servitute</span> <span class='ocrx_word' id='word_1_160' title='bbox 1668 1649 1770 1691; x_wconf 90' lang='lat' dir='ltr'>pro-</span> 
     </span>
     <span class='ocr_line' id='line_1_23' title="bbox 283 1701 1769 1760; baseline -0.001 -16"><span class='ocrx_word' id='word_1_161' title='bbox 283 1703 423 1759; x_wconf 84' lang='lat' dir='ltr'>geniti</span> <span class='ocrx_word' id='word_1_162' title='bbox 446 1703 476 1745; x_wconf 59' lang='grc'>’3.</span> <span class='ocrx_word' id='word_1_163' title='bbox 508 1703 637 1754; x_wconf 85' lang='lat' dir='ltr'>Quod</span> <span class='ocrx_word' id='word_1_164' title='bbox 664 1719 765 1744; x_wconf 86' lang='lat' dir='ltr'>cum</span> <span class='ocrx_word' id='word_1_165' title='bbox 786 1703 826 1744; x_wconf 90' lang='lat' dir='ltr'>ei</span> <span class='ocrx_word' id='word_1_166' title='bbox 844 1702 1269 1760; x_wconf 25' lang='lat' dir='ltr'>objectumvfuisset,</span> <span class='ocrx_word' id='word_1_167' title='bbox 1300 1703 1384 1745; x_wconf 87' lang='lat' dir='ltr'>hoc</span> <span class='ocrx_word' id='word_1_168' title='bbox 1407 1703 1540 1744; x_wconf 89' lang='lat' dir='ltr'>modo</span> <span class='ocrx_word' id='word_1_169' title='bbox 1566 1701 1769 1744; x_wconf 82' lang='lat' dir='ltr'>inficians</span> 
     </span>
     <span class='ocr_line' id='line_1_24' title="bbox 286 1769 1770 1828; baseline -0.001 -16"><span class='ocrx_word' id='word_1_170' title='bbox 286 1771 371 1812; x_wconf 88' lang='lat' dir='ltr'>ait:</span> <span class='ocrx_word' id='word_1_171' title='bbox 401 1788 421 1809; x_wconf 90' lang='lat'>«</span> <span class='ocrx_word' id='word_1_172' title='bbox 446 1771 714 1813; x_wconf 91' lang='lat' dir='ltr'>Communio</span> <span class='ocrx_word' id='word_1_173' title='bbox 739 1776 1058 1828; x_wconf 80' lang='lat' dir='ltr'>sancta,quam</span> <span class='ocrx_word' id='word_1_174' title='bbox 1079 1787 1130 1812; x_wconf 87' lang='lat' dir='ltr'>ex</span> <span class='ocrx_word' id='word_1_175' title='bbox 1146 1771 1223 1812; x_wconf 89' lang='lat' dir='ltr'>illo</span> <span class='ocrx_word' id='word_1_176' title='bbox 1250 1771 1421 1828; x_wconf 86' lang='lat' dir='ltr'>pridem</span> <span class='ocrx_word' id='word_1_177' title='bbox 1445 1770 1575 1813; x_wconf 84' lang='lat' dir='ltr'>altari</span> <span class='ocrx_word' id='word_1_178' title='bbox 1592 1769 1770 1826; x_wconf 88' lang='lat' dir='ltr'>suscepi</span> 
     </span>
     <span class='ocr_line' id='line_1_25' title="bbox 289 1837 1766 1896; baseline -0.001 -16"><span class='ocrx_word' id='word_1_179' title='bbox 289 1838 534 1895; x_wconf 86' lang='lat' dir='ltr'>(dexteram</span> <span class='ocrx_word' id='word_1_180' title='bbox 555 1839 672 1880; x_wconf 87' lang='lat' dir='ltr'>enim</span> <span class='ocrx_word' id='word_1_181' title='bbox 695 1839 772 1880; x_wconf 87' lang='lat' dir='ltr'>illo</span> <span class='ocrx_word' id='word_1_182' title='bbox 790 1839 1107 1896; x_wconf 80' lang='lat' dir='ltr'>protenderat),</span> <span class='ocrx_word' id='word_1_183' title='bbox 1126 1839 1279 1881; x_wconf 87' lang='lat' dir='ltr'>veniat</span> <span class='ocrx_word' id='word_1_184' title='bbox 1302 1839 1412 1880; x_wconf 88' lang='lat' dir='ltr'>mihi</span> <span class='ocrx_word' id='word_1_185' title='bbox 1437 1838 1492 1881; x_wconf 90' lang='lat' dir='ltr'>ad</span> <span class='ocrx_word' id='word_1_186' title='bbox 1510 1837 1766 1896; x_wconf 87' lang='lat' dir='ltr'>perniciem,</span> 
     </span>
     <span class='ocr_line' id='line_1_26' title="bbox 286 1905 1770 1963; baseline -0.001 -15"><span class='ocrx_word' id='word_1_187' title='bbox 286 1911 330 1948; x_wconf 89' lang='lat' dir='ltr'>et</span> <span class='ocrx_word' id='word_1_188' title='bbox 348 1907 491 1948; x_wconf 87' lang='lat' dir='ltr'>sancti</span> <span class='ocrx_word' id='word_1_189' title='bbox 518 1907 710 1963; x_wconf 87' lang='lat' dir='ltr'>Spiritus</span> <span class='ocrx_word' id='word_1_190' title='bbox 730 1907 928 1963; x_wconf 79' lang='lat' dir='ltr'>gladium</span> <span class='ocrx_word' id='word_1_191' title='bbox 957 1907 1114 1949; x_wconf 89' lang='lat' dir='ltr'>invoco</span> <span class='ocrx_word' id='word_1_192' title='bbox 1136 1907 1181 1948; x_wconf 92' lang='lat' dir='ltr'>in</span> <span class='ocrx_word' id='word_1_193' title='bbox 1202 1907 1397 1949; x_wconf 88' lang='lat' dir='ltr'>animam</span> <span class='ocrx_word' id='word_1_194' title='bbox 1420 1922 1581 1958; x_wconf 88' lang='lat' dir='ltr'>meam,</span> <span class='ocrx_word' id='word_1_195' title='bbox 1612 1905 1650 1948; x_wconf 88' lang='lat' dir='ltr'>si</span> <span class='ocrx_word' id='word_1_196' title='bbox 1677 1905 1770 1946; x_wconf 83' lang='lat' dir='ltr'>haec</span> 
     </span>
     <span class='ocr_line' id='line_1_27' title="bbox 287 1973 1770 2031; baseline -0.001 -16"><span class='ocrx_word' id='word_1_197' title='bbox 287 1990 484 2030; x_wconf 84' lang='lat' dir='ltr'>unquam</span> <span class='ocrx_word' id='word_1_198' title='bbox 510 1974 642 2016; x_wconf 85' lang='lat' dir='ltr'>verba</span> <span class='ocrx_word' id='word_1_199' title='bbox 671 1975 763 2031; x_wconf 84' lang='lat' dir='ltr'>regi</span> <span class='ocrx_word' id='word_1_200' title='bbox 790 1975 843 2016; x_wconf 88' lang='lat' dir='ltr'>de</span> <span class='ocrx_word' id='word_1_201' title='bbox 882 1975 1009 2016; x_wconf 85' lang='lat' dir='ltr'>vobis</span> <span class='ocrx_word' id='word_1_202' title='bbox 1041 1975 1149 2018; x_wconf 87' lang='lat' dir='ltr'>dixi.</span> <span class='ocrx_word' id='word_1_203' title='bbox 1185 1992 1203 2012; x_wconf 88' lang='lat'>»</span> <span class='ocrx_word' id='word_1_204' title='bbox 1246 1975 1344 2026; x_wconf 87' lang='lat' dir='ltr'>Quo</span> <span class='ocrx_word' id='word_1_205' title='bbox 1381 1974 1549 2027; x_wconf 86' lang='lat' dir='ltr'>audito,</span> <span class='ocrx_word' id='word_1_206' title='bbox 1588 1973 1770 2031; x_wconf 83' lang='lat' dir='ltr'>quidam</span> 
     </span>
     <span class='ocr_line' id='line_1_28' title="bbox 288 2042 1770 2094; baseline -0.001 -11"><span class='ocrx_word' id='word_1_207' title='bbox 288 2042 416 2084; x_wconf 72' lang='lat' dir='ltr'>valde</span> <span class='ocrx_word' id='word_1_208' title='bbox 457 2043 601 2084; x_wconf 89' lang='lat' dir='ltr'>mirati</span> <span class='ocrx_word' id='word_1_209' title='bbox 639 2048 758 2090; x_wconf 74' lang='lat' dir='ltr'>sunt,</span> <span class='ocrx_word' id='word_1_210' title='bbox 798 2048 841 2084; x_wconf 89' lang='lat' dir='ltr'>et</span> <span class='ocrx_word' id='word_1_211' title='bbox 869 2043 1160 2085; x_wconf 75' lang='lat' dir='ltr'>sacramentis</span> <span class='ocrx_word' id='word_1_212' title='bbox 1187 2047 1492 2094; x_wconf 84' lang='lat' dir='ltr'>astruxerunt,</span> <span class='ocrx_word' id='word_1_213' title='bbox 1532 2057 1579 2083; x_wconf 88' lang='lat' dir='ltr'>se</span> <span class='ocrx_word' id='word_1_214' title='bbox 1613 2057 1669 2084; x_wconf 85' lang='lat' dir='ltr'>ex</span> <span class='ocrx_word' id='word_1_215' title='bbox 1696 2055 1770 2082; x_wconf 86' lang='lat' dir='ltr'>ore</span> 
     </span>
     <span class='ocr_line' id='line_1_29' title="bbox 288 2109 1771 2168; baseline 0 -17"><span class='ocrx_word' id='word_1_216' title='bbox 288 2111 400 2167; x_wconf 88' lang='lat' dir='ltr'>ejus,</span> <span class='ocrx_word' id='word_1_217' title='bbox 455 2126 556 2152; x_wconf 91' lang='lat' dir='ltr'>cum</span> <span class='ocrx_word' id='word_1_218' title='bbox 583 2111 687 2152; x_wconf 85' lang='lat' dir='ltr'>talia</span> <span class='ocrx_word' id='word_1_219' title='bbox 724 2111 818 2168; x_wconf 80' lang='lat' dir='ltr'>regi</span> <span class='ocrx_word' id='word_1_220' title='bbox 844 2111 1051 2163; x_wconf 86' lang='lat' dir='ltr'>deferret,</span> <span class='ocrx_word' id='word_1_221' title='bbox 1085 2111 1277 2153; x_wconf 85' lang='lat' dir='ltr'>audisse.</span> <span class='ocrx_word' id='word_1_222' title='bbox 1327 2110 1598 2152; x_wconf 90' lang='lat' dir='ltr'>Volubilitas</span> <span class='ocrx_word' id='word_1_223' title='bbox 1639 2109 1771 2167; x_wconf 77' lang='lat' dir='ltr'>plane</span> 
     </span>
     <span class='ocr_line' id='line_1_30' title="bbox 288 2178 1433 2237; baseline 0 -17"><span class='ocrx_word' id='word_1_224' title='bbox 288 2178 385 2234; x_wconf 88' lang='lat' dir='ltr'>ejus</span> <span class='ocrx_word' id='word_1_225' title='bbox 406 2179 570 2220; x_wconf 91' lang='lat' dir='ltr'>mentis</span> <span class='ocrx_word' id='word_1_226' title='bbox 594 2185 637 2220; x_wconf 86' lang='lat' dir='ltr'>et</span> <span class='ocrx_word' id='word_1_227' title='bbox 658 2179 821 2235; x_wconf 70' lang='lat' dir='ltr'>linguae</span> <span class='ocrx_word' id='word_1_228' title='bbox 839 2179 925 2236; x_wconf 89' lang='lat' dir='ltr'>ipsi</span> <span class='ocrx_word' id='word_1_229' title='bbox 947 2180 1151 2237; x_wconf 87' lang='lat' dir='ltr'>parturiit</span> <span class='ocrx_word' id='word_1_230' title='bbox 1172 2179 1265 2220; x_wconf 56' lang='lat' dir='ltr'>haec</span> <span class='ocrx_word' id='word_1_231' title='bbox 1283 2179 1433 2221; x_wconf 86' lang='lat' dir='ltr'>exitia.</span> 
     </span>
    </p>
   </div>
   <div class='ocr_carea' id='block_1_4' title="bbox 289 2323 1773 2739">
    <p class='ocr_par' dir='ltr' id='par_1_5' title="bbox 289 2323 1772 2523">
     <span class='ocr_line' id='line_1_31' title="bbox 334 2323 1771 2367; baseline -0.001 -11"><span class='ocrx_word' id='word_1_232' title='bbox 334 2330 359 2358; x_wconf 82' lang='lat' dir='ltr'>l.</span> <span class='ocrx_word' id='word_1_233' title='bbox 387 2327 413 2356; x_wconf 95' lang='lat' dir='ltr'>Il</span> <span class='ocrx_word' id='word_1_234' title='bbox 432 2337 454 2367; x_wconf 92' lang='lat' dir='ltr'>y</span> <span class='ocrx_word' id='word_1_235' title='bbox 475 2337 494 2357; x_wconf 89' lang='lat' dir='ltr'>a</span> <span class='ocrx_word' id='word_1_236' title='bbox 510 2327 687 2367; x_wconf 82' lang='lat' dir='ltr'>plusieurs</span> <span class='ocrx_word' id='word_1_237' title='bbox 706 2328 879 2367; x_wconf 70' lang='lat' dir='ltr'>Bruyeres</span> <span class='ocrx_word' id='word_1_238' title='bbox 899 2328 987 2358; x_wconf 83' lang='lat' dir='ltr'>dans</span> <span class='ocrx_word' id='word_1_239' title='bbox 1011 2328 1042 2358; x_wconf 91' lang='lat' dir='ltr'>le</span> <span class='ocrx_word' id='word_1_240' title='bbox 1060 2327 1309 2367; x_wconf 72' lang='lat' dir='ltr'>departement</span> <span class='ocrx_word' id='word_1_241' title='bbox 1330 2327 1373 2357; x_wconf 89' lang='lat' dir='ltr'>de</span> <span class='ocrx_word' id='word_1_242' title='bbox 1391 2326 1536 2356; x_wconf 71' lang='lat' dir='ltr'>l&#39;Aisne.</span> <span class='ocrx_word' id='word_1_243' title='bbox 1563 2325 1591 2356; x_wconf 91' lang='lat' dir='ltr'>ll</span> <span class='ocrx_word' id='word_1_244' title='bbox 1609 2323 1710 2364; x_wconf 72' lang='lat' dir='ltr'>s’agit</span> <span class='ocrx_word' id='word_1_245' title='bbox 1727 2324 1771 2355; x_wconf 89' lang='lat' dir='ltr'>ici</span> 
     </span>
     <span class='ocr_line' id='line_1_32' title="bbox 289 2365 1770 2409; baseline -0.001 -10"><span class='ocrx_word' id='word_1_246' title='bbox 289 2368 549 2399; x_wconf 78' lang='lat' dir='ltr'>cei-tainement</span> <span class='ocrx_word' id='word_1_247' title='bbox 564 2369 606 2398; x_wconf 89' lang='lat' dir='ltr'>de</span> <span class='ocrx_word' id='word_1_248' title='bbox 623 2368 798 2409; x_wconf 78' lang='lat' dir='ltr'>Bruyeres</span> <span class='ocrx_word' id='word_1_249' title='bbox 817 2368 1175 2409; x_wconf 80' lang='lat' dir='ltr'>[-et—Montbe&#39;rault],</span> <span class='ocrx_word' id='word_1_250' title='bbox 1196 2377 1384 2399; x_wconf 90' lang='lat' dir='ltr'>commune</span> <span class='ocrx_word' id='word_1_251' title='bbox 1399 2368 1444 2397; x_wconf 91' lang='lat' dir='ltr'>du</span> <span class='ocrx_word' id='word_1_252' title='bbox 1458 2368 1589 2398; x_wconf 83' lang='lat' dir='ltr'>canton</span> <span class='ocrx_word' id='word_1_253' title='bbox 1604 2366 1647 2397; x_wconf 91' lang='lat' dir='ltr'>de</span> <span class='ocrx_word' id='word_1_254' title='bbox 1662 2365 1770 2398; x_wconf 80' lang='lat' dir='ltr'>Laon.</span> 
     </span>
     <span class='ocr_line' id='line_1_33' title="bbox 291 2407 1771 2450; baseline -0.001 -11"><span class='ocrx_word' id='word_1_255' title='bbox 291 2410 368 2440; x_wconf 85' lang='lat' dir='ltr'>Une</span> <span class='ocrx_word' id='word_1_256' title='bbox 386 2419 574 2440; x_wconf 90' lang='lat' dir='ltr'>commune</span> <span class='ocrx_word' id='word_1_257' title='bbox 592 2420 615 2449; x_wconf 85' lang='lat' dir='ltr'>y</span> <span class='ocrx_word' id='word_1_258' title='bbox 636 2410 690 2440; x_wconf 77' lang='lat' dir='ltr'>sut</span> <span class='ocrx_word' id='word_1_259' title='bbox 713 2420 890 2441; x_wconf 76' lang='lat' dir='ltr'>rcconnue</span> <span class='ocrx_word' id='word_1_260' title='bbox 918 2420 982 2450; x_wconf 87' lang='lat' dir='ltr'>par</span> <span class='ocrx_word' id='word_1_261' title='bbox 1005 2410 1113 2440; x_wconf 88' lang='lat' dir='ltr'>Louis</span> <span class='ocrx_word' id='word_1_262' title='bbox 1142 2410 1189 2440; x_wconf 89' lang='lat' dir='ltr'>VI</span> <span class='ocrx_word' id='word_1_263' title='bbox 1214 2419 1256 2440; x_wconf 92' lang='lat' dir='ltr'>en</span> <span class='ocrx_word' id='word_1_264' title='bbox 1285 2407 1581 2449; x_wconf 76' lang='lat' dir='ltr'>1129(Lucl1aire,</span> <span class='ocrx_word' id='word_1_265' title='bbox 1600 2407 1771 2446; x_wconf 80' lang='lat' dir='ltr'>Annales,</span> 
     </span>
     <span class='ocr_line' id='line_1_34' title="bbox 290 2447 1772 2491; baseline -0.001 -11"><span class='ocrx_word' id='word_1_266' title='bbox 290 2458 327 2480; x_wconf 83' lang='lat'>11⁰</span> <span class='ocrx_word' id='word_1_267' title='bbox 347 2454 416 2489; x_wconf 67' lang='grc'>135,</span> <span class='ocrx_word' id='word_1_268' title='bbox 438 2461 472 2491; x_wconf 85' lang='lat' dir='ltr'>p.</span> <span class='ocrx_word' id='word_1_269' title='bbox 494 2452 666 2490; x_wconf 74' lang='lat'>201-202);</span> <span class='ocrx_word' id='word_1_270' title='bbox 686 2451 717 2481; x_wconf 83' lang='lat' dir='ltr'>la</span> <span class='ocrx_word' id='word_1_271' title='bbox 742 2451 861 2482; x_wconf 83' lang='lat' dir='ltr'>charte</span> <span class='ocrx_word' id='word_1_272' title='bbox 886 2451 1112 2482; x_wconf 85' lang='lat' dir='ltr'>communale</span> <span class='ocrx_word' id='word_1_273' title='bbox 1138 2451 1191 2481; x_wconf 81' lang='lat' dir='ltr'>sut</span> <span class='ocrx_word' id='word_1_274' title='bbox 1213 2451 1346 2481; x_wconf 52' lang='lat' dir='ltr'>(itablie</span> <span class='ocrx_word' id='word_1_275' title='bbox 1369 2460 1429 2480; x_wconf 87' lang='lat' dir='ltr'>sur</span> <span class='ocrx_word' id='word_1_276' title='bbox 1456 2450 1489 2481; x_wconf 90' lang='lat' dir='ltr'>le</span> <span class='ocrx_word' id='word_1_277' title='bbox 1513 2448 1652 2480; x_wconf 73' lang='lat' dir='ltr'>modele</span> <span class='ocrx_word' id='word_1_278' title='bbox 1673 2449 1716 2479; x_wconf 87' lang='lat' dir='ltr'>de</span> <span class='ocrx_word' id='word_1_279' title='bbox 1739 2447 1772 2479; x_wconf 86' lang='lat' dir='ltr'>la</span> 
     </span>
     <span class='ocr_line' id='line_1_35' title="bbox 290 2492 1323 2523; baseline -0.001 0"><span class='ocrx_word' id='word_1_280' title='bbox 290 2493 411 2523; x_wconf 83' lang='lat' dir='ltr'>charte</span> <span class='ocrx_word' id='word_1_281' title='bbox 426 2492 468 2522; x_wconf 91' lang='lat' dir='ltr'>de</span> <span class='ocrx_word' id='word_1_282' title='bbox 486 2493 580 2523; x_wconf 86' lang='lat' dir='ltr'>Laon</span> <span class='ocrx_word' id='word_1_283' title='bbox 604 2492 648 2522; x_wconf 90' lang='lat' dir='ltr'>de</span> <span class='ocrx_word' id='word_1_284' title='bbox 669 2496 756 2523; x_wconf 67' lang='lat'>1128.</span> <span class='ocrx_word' id='word_1_285' title='bbox 1318 2492 1323 2498; x_wconf 82' lang='grc'>’</span> 
     </span>
    </p>

    <p class='ocr_par' dir='ltr' id='par_1_6' title="bbox 290 2530 1773 2739">
     <span class='ocr_line' id='line_1_36' title="bbox 332 2530 1772 2573; baseline -0.001 -10"><span class='ocrx_word' id='word_1_286' title='bbox 332 2538 360 2563; x_wconf 82' lang='lat'>2.</span> <span class='ocrx_word' id='word_1_287' title='bbox 387 2533 490 2564; x_wconf 84' lang='lat' dir='ltr'>Cette</span> <span class='ocrx_word' id='word_1_288' title='bbox 513 2533 657 2565; x_wconf 69' lang='lat' dir='ltr'>defense</span> <span class='ocrx_word' id='word_1_289' title='bbox 677 2534 877 2573; x_wconf 79' lang='lat' dir='ltr'>canonique</span> <span class='ocrx_word' id='word_1_290' title='bbox 896 2536 1056 2565; x_wconf 84' lang='lat' dir='ltr'>remonte</span> <span class='ocrx_word' id='word_1_291' title='bbox 1074 2534 1090 2564; x_wconf 77' lang='lat' dir='ltr'>a</span> <span class='ocrx_word' id='word_1_292' title='bbox 1114 2534 1145 2564; x_wconf 88' lang='lat' dir='ltr'>la</span> <span class='ocrx_word' id='word_1_293' title='bbox 1164 2533 1385 2573; x_wconf 86' lang='lat' dir='ltr'>prohibition</span> <span class='ocrx_word' id='word_1_294' title='bbox 1402 2531 1587 2573; x_wconf 75' lang='lat' dir='ltr'>imperiale</span> <span class='ocrx_word' id='word_1_295' title='bbox 1611 2532 1654 2562; x_wconf 90' lang='lat' dir='ltr'>de</span> <span class='ocrx_word' id='word_1_296' title='bbox 1674 2530 1772 2562; x_wconf 76' lang='lat' dir='ltr'>Fem-</span> 
     </span>
     <span class='ocr_line' id='line_1_37' title="bbox 290 2572 1770 2615; baseline -0.001 -11"><span class='ocrx_word' id='word_1_297' title='bbox 290 2585 417 2615; x_wconf 84' lang='lat' dir='ltr'>pereur</span> <span class='ocrx_word' id='word_1_298' title='bbox 433 2575 661 2606; x_wconf 86' lang='lat' dir='ltr'>Valentinien</span> <span class='ocrx_word' id='word_1_299' title='bbox 677 2575 864 2615; x_wconf 62' lang='lat' dir='ltr'>(Novellffi,</span> <span class='ocrx_word' id='word_1_300' title='bbox 884 2576 940 2607; x_wconf 75' lang='lat' dir='ltr'>tit.</span> <span class='ocrx_word' id='word_1_301' title='bbox 958 2575 1036 2614; x_wconf 85' lang='lat' dir='ltr'>XII,</span> <span class='ocrx_word' id='word_1_302' title='bbox 1062 2575 1116 2607; x_wconf 78' lang='lat' dir='ltr'>ed.</span> <span class='ocrx_word' id='word_1_303' title='bbox 1139 2575 1265 2614; x_wconf 81' lang='lat' dir='ltr'>Ritter,</span> <span class='ocrx_word' id='word_1_304' title='bbox 1283 2574 1344 2613; x_wconf 87' lang='lat' dir='ltr'>VI,</span> <span class='ocrx_word' id='word_1_305' title='bbox 1364 2583 1458 2614; x_wconf 87' lang='lat' dir='ltr'>pars.</span> <span class='ocrx_word' id='word_1_306' title='bbox 1482 2573 1508 2613; x_wconf 81' lang='lat'>1,</span> <span class='ocrx_word' id='word_1_307' title='bbox 1534 2583 1568 2614; x_wconf 85' lang='lat' dir='ltr'>p.</span> <span class='ocrx_word' id='word_1_308' title='bbox 1593 2573 1677 2613; x_wconf 84' lang='lat'>127),</span> <span class='ocrx_word' id='word_1_309' title='bbox 1696 2572 1770 2612; x_wconf 84' lang='lat' dir='ltr'>qui,</span> 
     </span>
     <span class='ocr_line' id='line_1_38' title="bbox 292 2614 1773 2656; baseline -0.002 -10"><span class='ocrx_word' id='word_1_310' title='bbox 292 2626 382 2656; x_wconf 87' lang='lat' dir='ltr'>pour</span> <span class='ocrx_word' id='word_1_311' title='bbox 398 2617 461 2646; x_wconf 87' lang='lat' dir='ltr'>des</span> <span class='ocrx_word' id='word_1_312' title='bbox 481 2616 620 2647; x_wconf 69' lang='lat' dir='ltr'>raisons</span> <span class='ocrx_word' id='word_1_313' title='bbox 643 2616 885 2656; x_wconf 70' lang='lat' dir='ltr'>budgctaircs,</span> <span class='ocrx_word' id='word_1_314' title='bbox 911 2617 1118 2647; x_wconf 79' lang='lat' dir='ltr'>interdisait</span> <span class='ocrx_word' id='word_1_315' title='bbox 1143 2626 1210 2656; x_wconf 87' lang='lat' dir='ltr'>que</span> <span class='ocrx_word' id='word_1_316' title='bbox 1243 2615 1404 2646; x_wconf 83' lang='lat' dir='ltr'>l&#39;esclave</span> <span class='ocrx_word' id='word_1_317' title='bbox 1431 2624 1476 2645; x_wconf 92' lang='lat' dir='ltr'>ou</span> <span class='ocrx_word' id='word_1_318' title='bbox 1511 2615 1544 2646; x_wconf 86' lang='lat' dir='ltr'>le</span> <span class='ocrx_word' id='word_1_319' title='bbox 1582 2614 1687 2645; x_wconf 91' lang='lat' dir='ltr'>colon</span> <span class='ocrx_word' id='word_1_320' title='bbox 1714 2623 1773 2644; x_wconf 89' lang='lat' dir='ltr'>en-</span> 
     </span>
     <span class='ocr_line' id='line_1_39' title="bbox 292 2654 1772 2698; baseline -0.002 -11"><span class='ocrx_word' id='word_1_321' title='bbox 292 2660 448 2688; x_wconf 81' lang='lat' dir='ltr'>trasscnt</span> <span class='ocrx_word' id='word_1_322' title='bbox 466 2658 554 2688; x_wconf 82' lang='lat' dir='ltr'>dans</span> <span class='ocrx_word' id='word_1_323' title='bbox 570 2658 599 2687; x_wconf 80' lang='lat' dir='ltr'>le</span> <span class='ocrx_word' id='word_1_324' title='bbox 618 2657 733 2697; x_wconf 71' lang='lat' dir='ltr'>clerge</span> <span class='ocrx_word' id='word_1_325' title='bbox 752 2667 834 2687; x_wconf 83' lang='lat' dir='ltr'>sans</span> <span class='ocrx_word' id='word_1_326' title='bbox 850 2658 882 2688; x_wconf 86' lang='lat' dir='ltr'>la</span> <span class='ocrx_word' id='word_1_327' title='bbox 897 2658 1111 2698; x_wconf 82' lang='lat' dir='ltr'>permission</span> <span class='ocrx_word' id='word_1_328' title='bbox 1128 2658 1173 2688; x_wconf 88' lang='lat' dir='ltr'>du</span> <span class='ocrx_word' id='word_1_329' title='bbox 1194 2658 1319 2688; x_wconf 79' lang='lat' dir='ltr'>maitre</span> <span class='ocrx_word' id='word_1_330' title='bbox 1352 2657 1399 2687; x_wconf 82' lang='lat' dir='ltr'>La</span> <span class='ocrx_word' id='word_1_331' title='bbox 1413 2656 1634 2696; x_wconf 85' lang='lat' dir='ltr'>prohibition</span> <span class='ocrx_word' id='word_1_332' title='bbox 1660 2654 1772 2686; x_wconf 87' lang='lat' dir='ltr'>existe</span> 
     </span>
     <span class='ocr_line' id='line_1_40' title="bbox 292 2695 1772 2739; baseline -0.002 -10"><span class='ocrx_word' id='word_1_333' title='bbox 292 2699 455 2738; x_wconf 83' lang='lat' dir='ltr'>toujours</span> <span class='ocrx_word' id='word_1_334' title='bbox 482 2709 525 2728; x_wconf 81' lang='lat' dir='ltr'>au</span> <span class='ocrx_word' id='word_1_335' title='bbox 543 2706 619 2729; x_wconf 75' lang='lat' dir='ltr'>xme</span> <span class='ocrx_word' id='word_1_336' title='bbox 647 2699 753 2729; x_wconf 68' lang='lat' dir='ltr'>siecle</span> <span class='ocrx_word' id='word_1_337' title='bbox 783 2699 836 2730; x_wconf 83' lang='lat' dir='ltr'>Cf.</span> <span class='ocrx_word' id='word_1_338' title='bbox 866 2699 1030 2739; x_wconf 75' lang='lat' dir='ltr'>Philippo</span> <span class='ocrx_word' id='word_1_339' title='bbox 1046 2700 1088 2729; x_wconf 89' lang='lat' dir='ltr'>de</span> <span class='ocrx_word' id='word_1_340' title='bbox 1116 2698 1364 2736; x_wconf 80' lang='lat' dir='ltr'>Beanmanoir,</span> <span class='ocrx_word' id='word_1_341' title='bbox 1392 2698 1582 2729; x_wconf 80' lang='lat' dir='ltr'>Coutumes</span> <span class='ocrx_word' id='word_1_342' title='bbox 1612 2697 1653 2727; x_wconf 85' lang='lat' dir='ltr'>de</span> <span class='ocrx_word' id='word_1_343' title='bbox 1673 2695 1772 2727; x_wconf 85' lang='lat' dir='ltr'>Cler-</span> 
     </span>
    </p>
   </div>
   <div class='ocr_carea' id='block_1_5' title="bbox 291 2737 1770 2821">
    <p class='ocr_par' dir='ltr' id='par_1_7' title="bbox 291 2737 1770 2821">
     <span class='ocr_line' id='line_1_41' title="bbox 293 2737 1770 2811; baseline -0.003 -41"><span class='ocrx_word' id='word_1_344' title='bbox 293 2741 389 2810; x_wconf 61' lang='lat' dir='ltr'>molnt</span> <span class='ocrx_word' id='word_1_345' title='bbox 404 2749 447 2811; x_wconf 54' lang='lat' dir='ltr'>{n</span> <span class='ocrx_word' id='word_1_346' title='bbox 462 2739 677 2811; x_wconf 50' lang='lat' dir='ltr'>Bess¹3¹g³³¹i⁸i⁸&#39;</span> <span class='ocrx_word' id='word_1_347' title='bbox 703 2739 758 2772; x_wconf 72' lang='lat' dir='ltr'>ed.</span> <span class='ocrx_word' id='word_1_348' title='bbox 781 2740 937 2779; x_wconf 69' lang='lat' dir='ltr'>Salmon,</span> <span class='ocrx_word' id='word_1_349' title='bbox 958 2740 1046 2771; x_wconf 87' lang='lat' dir='ltr'>Coll.</span> <span class='ocrx_word' id='word_1_350' title='bbox 1069 2740 1112 2771; x_wconf 88' lang='lat' dir='ltr'>de</span> <span class='ocrx_word' id='word_1_351' title='bbox 1132 2742 1299 2777; x_wconf 79' lang='lat' dir='ltr'>textes...‚</span> <span class='ocrx_word' id='word_1_352' title='bbox 1329 2742 1353 2770; x_wconf 84' lang='lat' dir='ltr'>t.</span> <span class='ocrx_word' id='word_1_353' title='bbox 1380 2739 1406 2778; x_wconf 78' lang='grc' dir='ltr'>Ι,</span> <span class='ocrx_word' id='word_1_354' title='bbox 1426 2738 1539 2777; x_wconf 85' lang='lat' dir='ltr'>Paris,</span> <span class='ocrx_word' id='word_1_355' title='bbox 1565 2740 1656 2777; x_wconf 87' lang='lat'>1900,</span> <span class='ocrx_word' id='word_1_356' title='bbox 1683 2737 1770 2775; x_wconf 91' lang='lat' dir='ltr'>in-8,</span> 
     </span>
     <span class='ocr_line' id='line_1_42' title="bbox 291 2783 584 2821; baseline -0.003 -11"><span class='ocrx_word' id='word_1_357' title='bbox 291 2789 328 2811; x_wconf 80' lang='lat'>11⁰</span> <span class='ocrx_word' id='word_1_358' title='bbox 348 2789 351 2795; x_wconf 74' lang='lat'><em>&#39;</em></span> <span class='ocrx_word' id='word_1_359' title='bbox 369 2783 404 2811; x_wconf 51' lang='lat'>&gt;24</span> <span class='ocrx_word' id='word_1_360' title='bbox 431 2806 438 2819; x_wconf 73' lang='lat'>,</span> <span class='ocrx_word' id='word_1_361' title='bbox 458 2791 491 2821; x_wconf 85' lang='lat' dir='ltr'>p.</span> <span class='ocrx_word' id='word_1_362' title='bbox 515 2786 541 2811; x_wconf 70' lang='lat'>..2</span> <span class='ocrx_word' id='word_1_363' title='bbox 557 2804 584 2813; x_wconf 79' lang='lat'>..,</span> 
     </span>
    </p>
   </div>
  </div>
 </body>
</html>
