1930 3224
555 273 650 303 VEN.
687 273 880 303 GUIBERTI
913 273 1020 302 Vim:
1051 265 1173 302 mann
1206 273 1250 301 111
1575 258 1660 302 219

161 359 360 416 matione
388 372 593 425 deficere,
619 372 822 416 fastidire
842 372 982 426 cibos,
1012 380 1191 416 massa³
1220 372 1453 430 bibitaque
1480 372 1661 430 rejicere

157 445 204 484 et
225 441 410 484 omnino
433 441 678 485 tabescere.
700 443 950 500 Postquam
964 446 1116 484 autem
1137 441 1214 484 diu
1229 441 1344 484 lecto
1368 440 1657 494 decubuerat,

157 509 344 554 tandem
360 510 439 552 vix
465 510 714 553 elaboravit
741 525 976 567 exurgere,
1009 510 1287 568 veniensque
1320 509 1376 552 ad
1406 510 1657 564 ecclesiam,
1684 542 1686 544 ψ

158 593 257 633 vas,
278 579 400 622 unde
423 579 568 622 morbi
588 579 809 638 originem
835 595 883 622 se
903 579 1151 637 sumpsisse
1178 583 1468 637 cognoverat,
1496 579 1659 632 tenuit,

160 647 394 706 cultroque
429 648 598 691 collum
629 647 839 691 obterens
871 647 1092 706 quidquid
1119 648 1238 690 intro
1264 647 1434 690 latebat
1461 647 1662 690 humoris

114 710 116 712 ³
160 730 241 775 per
275 716 535 774 pavimenta
567 716 781 775 profudit.
816 717 923 760 Erat
958 721 1110 760 autem
1148 716 1268 759 idem
1295 716 1446 759 videre
1476 716 1572 774 jam
1608 732 1662 759 ex

162 785 498 828 consecratione
546 785 695 828 missae
713 785 734 812 Ι)
778 801 931 828 semen
981 785 1240 828 bufunculis
1286 785 1511 828 uberrime
1567 785 1661 843 ple-

161 869 287 897 num.
317 853 547 912 Comperit
572 854 722 908 homo,
746 855 867 912 quod
892 855 1134 913 praecordia
1163 870 1242 897 sua
1264 853 1488 897 mortibus
1509 859 1661 897 essent

161 921 357 976 addicta,
398 927 444 966 et
484 923 593 965 dum
636 923 1000 981 desperatissime
1044 922 1332 982 praestolatur
1378 922 1660 965 imminentia

159 990 268 1044 fata,
291 991 452 1050 accipit
475 992 569 1034 haec
590 1009 614 1034 a
640 992 835 1050 quodam
859 992 1049 1035 consilia
1075 1005 1084 1035 ζ
1114 1010 1134 1031 «
1167 991 1214 1035 Si
1238 992 1323 1045 vis,
1347 992 1425 1045 ait,
1449 991 1660 1049 pestifera

158 1075 260 1119 quae
285 1060 532 1118 concepisti
559 1076 755 1118 egerere,
785 1066 862 1104 aut
890 1061 944 1103 de
966 1061 1203 1119 sepulchro
1236 1060 1440 1103 Marcelli
1468 1060 1661 1103 Parisio-

157 1144 259 1172 rum
295 1129 522 1187 pontificis
543 1130 574 1183 ¹,
613 1135 689 1172 aut
728 1130 782 1172 de
827 1130 959 1172 altari
989 1130 1084 1188 ejus
1121 1130 1354 1187 pulverem
1395 1129 1477 1172 tibi
1513 1129 1661 1172 afferri

158 1213 307 1256 quaere
327 1198 360 1251 ²,
402 1214 537 1257 quem
563 1199 672 1241 dum
707 1215 810 1241 cum
845 1215 959 1257 aqua
1000 1199 1218 1251 hauseris,
1264 1198 1319 1241 de
1347 1203 1425 1240 tua
1454 1199 1661 1257 protinus

159 1266 423 1310 salubritate
458 1268 632 1310 confide
673 1287 709 1311 ».
756 1268 888 1320 Quod
927 1283 1031 1310 cum
1066 1268 1142 1310 ille
1190 1267 1334 1310 facere
1368 1272 1656 1320 maturasset,

161 1350 311 1378 sacros
344 1351 447 1378 cum
479 1336 636 1379 multis
669 1337 725 1379 ad
761 1341 967 1379 sanctum
994 1336 1227 1379 affectibus
1247 1336 1458 1393 pulveres
1490 1335 1656 1390 ebibit;

159 1419 242 1447 nec
288 1420 412 1447 mora
453 1421 557 1448 cum
595 1406 718 1448 omni
754 1405 1063 1448 circumstanti
1098 1405 1340 1448 virulentia
1382 1405 1661 1447 infinitorum

159 1473 392 1532 reptilium
410 1474 572 1532 globos
596 1474 780 1532 egessit,
802 1474 1063 1532 malumque
1089 1474 1351 1517 universum
1367 1473 1539 1516 reddita
1563 1490 1661 1516 sos-

159 1541 301 1601 pitate
321 1543 521 1586 recessit.
547 1543 641 1586 Nec
671 1543 835 1585 mirum
872 1543 909 1585 si
940 1544 1034 1586 Deo
1069 1558 1269 1601 praesens
1294 1541 1538 1585 Marcellus
1567 1543 1661 1585 haec

158 1615 360 1669 peragat,
403 1612 481 1671 qui
520 1611 577 1655 ab
621 1628 673 1654 eo
712 1612 911 1670 corporis
945 1612 1189 1655 interstitio
1229 1611 1392 1654 absens
1428 1611 1536 1653 olim
1569 1627 1660 1653 non

161 1679 335 1723 minora
359 1680 406 1723 in
433 1680 571 1723 simili
596 1697 642 1724 re
656 1686 856 1738 patrarat
874 1689 890 1708 ⁶
907 1682 938 1724 3.

723 1848 941 1906 [CAPUT
975 1848 1097 1906 XIX]

218 1981 330 2034 Quae
356 1981 560 2024 dicturus
579 1996 680 2023 sum
707 1981 874 2023 nostris
901 1980 1103 2022 inaudita
1132 1980 1415 2038 temporibus
1444 1981 1660 2023 relatione

159 2049 395 2108 cujusdam
415 2049 614 2107 religiosi
634 2065 684 2092 ac
714 2065 818 2092 vere
842 2049 1026 2091 humilis
1047 2049 1256 2091 monachi
1279 2050 1445 2107 accepi,
1474 2050 1550 2107 qui
1566 2050 1662 2108 qui-

202 2173 234 2196 a.
258 2173 384 2195 mansa
400 2163 444 2195 D.
466 2181 507 2186 —-
532 2162 567 2194 b.
594 2162 760 2194 immissae
781 2163 820 2194 B.
842 2162 997 2203 Manque
1018 2162 1050 2193 D
1068 2162 1130 2203 qui
1151 2162 1331 2203 remplace
1349 2171 1390 2194 ce
1407 2164 1486 2193 mot
1515 2173 1579 2203 par
1599 2163 1662 2194 des

160 2206 297 2279 ggirntsl.
311 2223 354 2278 -—2
357 2215 393 2278 31
410 2204 614 2278 Cgotlieiinier
633 2205 856 2246 paragraphe
877 2214 914 2235 se
930 2206 1058 2235 trouve
1073 2204 1261 2245 reproduit
1278 2204 1367 2235 dans
1386 2204 1460 2236 AA.
1476 2204 1534 2236 SS.
1552 2204 1662 2243 Boll.‚

237 2273 260 2288 ‘v
302 2272 311 2287 ν
401 2272 409 2287 9
492 2272 499 2279 ·
548 2273 555 2279 ·

202 2381 231 2411 1.
257 2379 360 2411 Saint
377 2379 513 2411 Marcel
531 2380 586 2411 sut
604 2379 740 2420 echue
758 2379 802 2410 de
820 2379 923 2410 Paris
940 2388 984 2409 au
1005 2380 1317 2410 commencement
1340 2379 1386 2409 du
1406 2385 1441 2409 ν’
1466 2379 1587 2411 siecle.
1607 2379 1662 2410 On

158 2421 191 2452 le
209 2421 283 2452 sete
301 2422 334 2452 le
357 2424 376 2452 3
394 2421 604 2453 novembre.
631 2421 700 2452 Sur
728 2422 762 2452 la
786 2421 973 2460 colle'giale
997 2420 1203 2468 parisienne
1230 2421 1291 2461 qui
1309 2421 1447 2462 portait
1473 2431 1539 2451 son
1563 2431 1661 2460 nom,

159 2462 206 2494 cf.
227 2462 272 2494 H.
293 2463 467 2503 Legi-and,
488 2463 652 2503 Le'qende
670 2463 718 2494 du
740 2462 829 2504 plan
848 2463 891 2494 de
916 2462 1020 2494 Paris
1043 2472 1087 2494 en
1112 2463 1202 2499 4380,
1226 2463 1315 2494 dans
1342 2462 1456 2494 l'llist.
1475 2462 1599 2505 9e'ne'r.
1620 2463 1663 2494 de

160 2504 279 2542 Paris,
298 2507 391 2543 1868,
408 2505 506 2543 ἰπὶ-42
527 2516 560 2546 p.
581 2507 618 2536 74
638 2507 673 2536 et
692 2515 727 2535 n.
744 2508 773 2535 2.
1484 2509 1486 2511 ’

201 2549 231 2578 2.
257 2545 360 2578 Cette
387 2546 666 2588 therapeutique
689 2549 745 2578 est
762 2547 846 2577 d'un
864 2556 973 2586 usage
997 2547 1136 2578 ancien.
1163 2546 1217 2577 On
1239 2547 1308 2577 sait
1332 2556 1401 2587 que
1426 2546 1601 2586 Grc'goire
1619 2547 1663 2577 de

158 2587 275 2619 Tours
291 2598 316 2629 y
332 2598 353 2620 a
370 2598 414 2619 eu
431 2599 578 2620 rccours
596 2590 632 2620 et
650 2589 693 2619 dc
713 2589 745 2619 la
763 2589 878 2619 meme
903 2588 1009 2626 sacon
1037 2588 1101 2628 <De
1121 2587 1320 2619 virtutibus
1338 2589 1370 2619 S.
1391 2588 1551 2623 Martini.
1574 2588 1618 2626 II,
1638 2599 1661 2624 ι,

159 2629 215 2660 ed.
235 2629 399 2665 Bordier,
419 2633 510 2669 1860,
540 2634 565 2662 t.
594 2631 638 2663 11,
664 2641 698 2671 p.
720 2630 842 2671 94-96).
864 2630 1015 2668 Lisiard,
1034 2630 1172 2670 evequc
1197 2631 1240 2661 de
1262 2630 1444 2668 Soissons,
1473 2630 1591 2661 donne
1616 2641 1663 2661 un

160 2671 453 2711 renseignement
470 2673 644 2711 analoguc
669 2673 687 2702 a
712 2682 847 2713 propos
865 2673 909 2704 dc
928 2673 1024 2704 saint
1048 2672 1186 2703 Arnoul
1210 2671 1307 2713 (Vita
1327 2673 1360 2703 S.
1384 2671 1544 2712 Arnulsi,
1573 2672 1663 2703 daus

162 2714 238 2744 AA.
256 2713 313 2744 SS.
332 2713 438 2749 Boll..
455 2716 551 2749 aoi'it.
572 2716 596 2746 t.
618 2714 679 2751 ΠΙ,
698 2724 732 2754 p.
752 2714 838 2755 255).

203 2757 234 2786 3.
258 2754 414 2786 Guibert
443 2755 510 2787 fait
542 2756 696 2787 allusion
730 2757 749 2787 a
780 2766 827 2786 un
867 2756 1014 2787 miracle
1053 2755 1201 2787 racontc'
1243 2757 1333 2786 dans
1368 2756 1460 2786 deux
1494 2756 1570 2786 vies
1619 2756 1662 2786 dc

162 2797 258 2828 saint
284 2797 415 2828 Marcel
438 2797 526 2835 (ΛΑ.
546 2798 603 2828 SS.
622 2797 728 2832 Bou..
748 2808 847 2837 nov.,
868 2801 893 2829 t.
916 2798 939 2831 1.
963 2809 996 2839 p.
1023 2801 1095 2837 265)
1114 2808 1120 2829 :
1141 2799 1172 2829 le
1202 2798 1297 2828 saint
1325 2797 1462 2838 cchue
1490 2798 1532 2828 de
1562 2797 1662 2828 Paris

162 2838 364 2911 ἃὲνεῖἷῑὲῐηίς
383 2849 426 2870 cn
445 2838 536 2870 suitc
555 2850 601 2870 un
614 2839 760 2871 <enorme
779 2841 925 2880 serpent
942 2840 1004 2880 qui
1022 2839 1189 2870 dovorait
1208 2840 1259 2870 les
1275 2841 1388 2870 restes
1407 2838 1511 2870 d'unc
1532 2839 1663 2870 femme

164 2889 182 2910 a
212 2890 233 2910 u
291 2890 340 2912 re.
