1930 3224
339 278 393 319 52
741 291 838 321 VEN.
874 290 1066 320 (mmmm
1098 291 1204 319 vim:
1235 291 1355 319 LIBER
1386 291 1399 319 1

337 390 448 433 sime
471 405 570 432 meo
590 389 715 432 abuti
745 390 948 447 imperio,
974 389 1116 432 ridere
1148 389 1375 442 ecclesias,
1412 389 1587 432 scholas
1619 389 1815 444 horrere,

337 457 757 500 consobrinulorum
777 473 980 499 meorum
1000 457 1232 510 laicorum,
1250 457 1327 515 qui
1348 457 1631 515 equestribus
1648 457 1819 501 imbue-

336 525 500 568 bantur
538 525 715 578 studiis,
760 525 966 567 affectare
1010 524 1234 578 sodalitia,
1286 525 1535 567 execrando
1585 524 1820 569 clericatus

337 594 534 650 signum,
569 593 879 635 remissionem
922 592 1159 635 criminum
1202 592 1419 650 polliceri,
1469 607 1644 647 somno,
1692 593 1820 652 cujus

337 677 474 720 parva
505 661 683 704 licentia
713 660 940 718 quondam
971 660 1083 703 mihi
1109 660 1357 714 laxabatur,
1389 660 1637 718 indulgere,
1676 665 1729 704 ut
1764 677 1820 705 ex

336 729 516 772 insolita
558 729 788 771 nimietate
837 728 1127 771 tabescerem.
1175 729 1349 772 Interea
1390 733 1572 771 actuum
1617 744 1820 773 meorum

335 797 477 853 gloria
491 802 715 839 maternas
730 797 929 839 concutit
943 812 1088 850 aures,
1112 801 1155 839 et
1175 812 1229 839 ex
1246 796 1411 839 auditis
1432 797 1606 839 instans
1632 797 1819 841 exitium

336 881 486 908 meum
506 865 604 922 ipsa
624 863 868 921 conjiciens
887 880 1000 922 pene
1027 865 1280 907 exanimata
1305 864 1486 907 defecit.
1515 864 1676 908 Cultus
1699 865 1819 908 enim

335 933 545 986 vestium,
571 949 684 991 quos
710 933 826 975 inter
844 933 1176 990 procedendum
1202 933 1258 975 ad
1278 932 1490 975 ecclesias
1514 931 1680 976 habere
1705 934 1820 977 sole-

334 1001 455 1055 bam,
478 1006 522 1044 et
545 1016 673 1058 quos,
693 1006 744 1044 ut
776 1001 919 1058 magis
947 1001 1002 1043 ad
1029 1001 1288 1043 clericatum
1311 1001 1548 1054 animarer,
1576 1000 1674 1059 ipsa
1694 1001 1819 1060 para-

334 1074 475 1122 verat,
498 1070 581 1111 hos
606 1069 662 1111 ad
685 1067 934 1122 lasciviam,
960 1084 1095 1127 quam
1118 1084 1173 1111 ne
1193 1073 1303 1111 aetas
1331 1068 1601 1126 patiebatur,
1631 1069 1818 1112 circum-

334 1138 448 1180 ferre
468 1152 477 1191 ς
501 1137 774 1194 majusculos
794 1137 849 1179 ad
869 1137 1166 1195 petulantiam
1180 1136 1361 1194 juvenis
1380 1136 1603 1190 aemulari;
1629 1137 1758 1196 pensi
1774 1143 1820 1182 et

334 1205 551 1248 moderati
577 1205 758 1247 omnino
779 1205 893 1247 nihil
919 1205 1099 1247 habere.

393 1274 508 1316 Cum
529 1289 633 1331 ergo
646 1277 772 1316 tanto
786 1273 1066 1326 dissolutius,
1080 1273 1247 1315 immofl
1265 1273 1476 1315 vesanius
1493 1288 1565 1316 me
1585 1272 1814 1328 haberem,

334 1347 501 1400 quanto
516 1342 681 1384 arctius
694 1341 713 1368 ὸ
727 1347 772 1384 et
786 1341 1049 1399 castigatius
1066 1346 1197 1383 antea
1210 1341 1506 1395 victitassem,
1521 1346 1663 1385 mater
1679 1341 1819 1401 impa-

333 1410 449 1452 tiens
476 1409 731 1452 auditorum
757 1409 813 1451 ad
839 1409 1047 1452 abbatem
1071 1409 1083 1437 ¹
1119 1424 1166 1451 se
1199 1409 1405 1462 contulit,
1432 1414 1493 1462 et,
1520 1414 1572 1452 ut
1592 1410 1818 1467 ,magister

333 1493 460 1520 meus
486 1477 649 1520 iterum
682 1492 753 1520 me
777 1477 970 1531 doceret,
997 1482 1041 1519 et
1067 1477 1122 1519 ab
1155 1477 1312 1519 eodem
1335 1477 1497 1520 abbate
1529 1482 1573 1520 et
1605 1477 1816 1521 fratribus

331 1545 604 1603 impetravit.
649 1545 804 1588 Abbas
843 1545 1081 1602 siquidem,
1121 1545 1194 1587 avi
1242 1545 1330 1587 mei
1369 1545 1596 1599 alumnus,
1637 1550 1682 1588 et
1718 1545 1815 1603 ejus

331 1614 463 1656 curiae
489 1629 544 1657 ex
568 1614 783 1656 beneficio
813 1612 1051 1666 obnoxius,
1086 1613 1215 1655 facile
1245 1613 1344 1667 fuit,
1374 1618 1435 1666 et,
1470 1629 1570 1656 meo
1601 1619 1814 1670 aggratu-

330 1682 430 1724 lans
463 1682 692 1735 adventui,
732 1681 925 1739 benigne
963 1686 1223 1739 susceptum
1261 1681 1410 1723 studio
1446 1681 1655 1740 deinceps
1690 1681 1815 1724 beni-

330 1751 485 1806 gniore
508 1750 733 1793 tractavit.
764 1749 921 1792 Testor
939 1754 983 1791 te
1000 1750 1176 1802 horum,
1190 1749 1262 1807 pie
1277 1749 1519 1806 dispositor
1529 1749 1669 1803 Deus,
1689 1749 1811 1808 quia,

331 1834 384 1861 ex
412 1834 500 1876 quo
523 1818 756 1861 basilicam
789 1817 1048 1860 monasterii
1082 1817 1225 1876 ipsius
1260 1817 1441 1871 intravi,
1478 1821 1524 1860 et
1565 1818 1812 1860 monachos

330 1886 614 1929 considentes
634 1886 800 1944 pariter
821 1885 915 1928 vidi
935 1891 979 1928 et
998 1901 1054 1928 ex
1080 1901 1234 1928 eorum
1255 1885 1444 1928 contuiti
1458 1889 1637 1928 tantum
1659 1900 1812 1928 mona-

329 1954 438 1998 chiae
462 1955 646 2012 concepi
674 1954 962 2007 desiderium,
993 1959 1046 1996 ut
1067 1954 1326 1996 nullatenus
1355 1950 1694 2007 defervesceret,
1729 1969 1812 1996 nec

330 2022 412 2065 sub
438 2023 588 2081 quiete
608 2023 785 2065 animus
807 2026 975 2079 ageret,
1013 2021 1153 2063 donec
1187 2021 1256 2063 sui
1284 2020 1380 2063 voti
1411 2020 1812 2065 sortiretur-effec-

329 2096 441 2133 tum.
471 2091 585 2133 Cum
610 2090 749 2148 igitur
772 2089 854 2132 sub
881 2089 1038 2131 eodem
1058 2089 1122 2131 eis
1143 2089 1337 2131 claustro
1359 2088 1638 2142 cohabitans,
1664 2093 1811 2132 totum

328 2168 427 2201 esse
447 2159 648 2216 ipsorum
665 2158 1040 2215 habitudinesque
1074 2157 1378 2210 considerans,
1411 2162 1470 2210 et,
1501 2156 1618 2200 sicut
1639 2157 1755 2200 solet
1786 2173 1811 2200 a

327 2231 462 2269 vento
485 2227 667 2269 flamma
699 2241 993 2279 succrescere,
1033 2225 1112 2279 ita,
1153 2241 1207 2268 ex
1242 2224 1621 2282 contemplatione
1655 2240 1810 2268 eorum

328 2310 504 2352 semper
523 2310 651 2336 mens
673 2309 772 2336 mea
792 2293 1133 2336 conformationi
1150 2292 1330 2335 illorum
1355 2287 1550 2346 inhians,
1577 2308 1667 2335 non
1685 2297 1810 2351 pote-

325 2367 393 2405 rat
418 2378 508 2404 non
523 2362 696 2416 ardere;
716 2361 998 2404 solicitabar⁰
1020 2361 1213 2418 denique
1227 2360 1282 2402 ab
1305 2360 1466 2403 abbate
1478 2360 1564 2403 loci
1580 2361 1808 2418 congemi-

324 2430 442 2473 natis
463 2430 661 2489 quotidie
687 2430 910 2487 precibus,
938 2434 989 2471 ut
1016 2429 1285 2471 monachum
1305 2428 1470 2471 ibidem
1498 2443 1569 2471 me
1594 2427 1804 2482 facerem,

325 2503 385 2552 et,
414 2514 517 2541 cum
551 2498 726 2541 infinito
755 2498 811 2540 ad
837 2498 883 2540 id
908 2502 1144 2540 aestuarem
1176 2496 1413 2549 desiderio,
1456 2496 1512 2539 ad
1546 2495 1807 2555 hujusmodi

365 2630 397 2652 a.
418 2619 487 2651 ιίηό
502 2619 547 2651 D.
562 2637 603 2642 —
624 2619 659 2650 1).
683 2618 783 2650 Corr.
800 2619 844 2650 de
858 2618 902 2649 D.
921 2617 1037 2650 artius
1051 2617 1089 2649 B.
1113 2635 1151 2640 —
1167 2627 1196 2648 c.
1211 2616 1419 2649 solicitatur·
1433 2616 1475 2647 D.

365 2788 394 2817 1.
420 2785 550 2816 L'abbc
572 2787 639 2823 est,
661 2785 679 2815 a
697 2786 791 2815 cette
812 2783 962 2824 cpoque,
991 2783 1156 2820 Garnier,
1176 2784 1351 2812 1058-1095
1373 2781 1468 2822 (date
1492 2781 1535 2812 de
1556 2791 1594 2812 sa
1611 2780 1731 2821 mort).
1751 2779 1803 2811 Cf.

325 2826 417 2858 Gall.
440 2826 586 2866 Christ.,
607 2829 631 2857 t.
653 2826 713 2864 IX,
733 2826 799 2856 col.
820 2828 895 2864 7903
917 2825 1095 2865 Dachery,
1115 2823 1228 2863 Notae,
1251 2834 1285 2864 p.
1305 2825 1452 2854 603-604.
