1930 3224
293 247 348 291 64·
705 267 798 296 VEN.
837 268 1029 297 GUIBERTI
1062 269 1168 298 VITAE
1200 270 1318 300 LIBER
1348 271 1362 299 1

838 471 1060 529 [CAPUT
1088 473 1212 516 xv11
1230 475 1242 532 ]

349 599 521 642 Interea
563 615 666 642 cum
703 600 989 644 versificandi
1029 602 1179 645 studio
1218 603 1336 646 ultra
1376 620 1554 664 omnem
1590 605 1775 650 modum

259 703 263 706 .
289 683 439 709 meum
460 667 660 710 animum
687 668 1024 723 immersissem,
1042 670 1104 713 ita
1130 676 1180 713 ut
1205 671 1414 715 universa
1432 680 1450 699 ἃ
1466 673 1629 716 divinae
1644 674 1774 732 pagi-

287 751 355 777 nae
403 735 515 778 seria
562 752 639 793 pro
681 740 775 779 tam
813 737 1001 780 ridicula
1039 739 1238 782 vanitate
1272 756 1551 799 seponerem,
1589 742 1645 785 ad
1689 743 1774 787 hoc

287 803 452 861 ipsum,
484 804 595 846 duce
631 820 729 847 mea
767 805 967 859 levitate,
1000 806 1096 864 jam
1125 823 1352 862 veneram,
1390 814 1440 851 ut
1476 808 1696 853 Ovidiana
1729 816 1775 854 et

288 871 602 914 Bucolicorum
641 872 758 915 dicta
795 889 1127 931 praesumerem,
1169 881 1212 918 et
1246 877 1421 935 lepores
1454 878 1695 921 amatorios
1725 878 1772 922 in

286 939 537 997 specierum
564 940 958 984 distributionibus
995 943 1287 1002 epistolisque
1325 945 1552 988 nexilibus
1590 947 1772 990 affecta-

285 1023 394 1052 rem.
444 1007 595 1050 Oblita
641 1009 778 1065 igitur
819 1026 946 1053 mens
989 1011 1128 1054 debiti
1168 1012 1344 1069 rigoris,
1388 1017 1432 1055 et
1480 1014 1771 1072 professionis

285 1076 545 1118 monastieae
583 1077 753 1134 pudore
788 1078 970 1135 rejecto,
1012 1079 1180 1122 talibus
1210 1080 1445 1124 virulentae
1474 1082 1608 1140 hujus
1630 1082 1771 1127 licen—-

285 1144 358 1186 tiae
394 1145 628 1187 lenociniis
663 1145 964 1200 lactabatur1,
995 1147 1077 1190 hoc
1105 1149 1251 1191 solum
1281 1149 1521 1203 trutinans,
1557 1151 1595 1193 si
1626 1156 1770 1209 poetae

283 1212 477 1270 cuipiam
501 1215 771 1271 comportari
794 1220 970 1272 poterat
991 1216 1112 1274 quod
1138 1217 1364 1260 curialiter
1391 1217 1637 1275 dicebatur,
1665 1220 1769 1263 nul-‘

283 1280 460 1323 latenus
484 1297 589 1324 vero
612 1283 844 1339 pensitans
868 1289 1142 1341 quantopere
1164 1285 1276 1327 sacri
1300 1286 1485 1340 ordinis,
1512 1287 1566 1330 de
1593 1303 1644 1330 ea
1669 1303 1769 1347 quae

282 1349 620 1392 desiderabatur
633 1351 869 1399 industria,
893 1353 1176 1410 propositum
1195 1353 1454 1397 laedebatur.
1480 1354 1622 1412 Cujus
1639 1355 1769 1399 nimi-

282 1433 381 1459 rum
406 1417 644 1476 utrobique
679 1419 888 1477 raptabar
904 1419 940 1473 ¹³,
970 1420 1076 1462 dum
1104 1437 1194 1463 non
1231 1421 1378 1464 solum
1404 1422 1645 1466 verborum
1671 1424 1766 1468 dul-

281 1485 415 1538 cium,
443 1502 542 1545 quae
577 1503 601 1529 a
639 1488 784 1544 poetis
811 1503 1086 1546 acceperam,
1122 1489 1200 1532 sed
1239 1495 1283 1532 et
1318 1506 1417 1548 quae
1450 1507 1533 1549 ego
1559 1486 1767 1550 profude-

281 1569 377 1596 ram
400 1554 598 1597 lasciviis
618 1555 828 1608 irretirer,
859 1572 1014 1599 verum
1036 1557 1171 1599 etiam
1194 1574 1273 1616 per
1295 1558 1457 1600 horum
1483 1564 1527 1602 et
1543 1559 1614 1602 his
1641 1560 1765 1615 simi-

282 1621 391 1664 lium
410 1622 713 1665 revolutiones
728 1623 964 1667 immodica
985 1625 1256 1683 aliquotiens
1281 1627 1428 1668 carnis
1443 1643 1554 1670 meae
1571 1635 1587 1654 ⁶
1608 1627 1764 1671 titilla-

279 1689 402 1732 tione
439 1695 639 1734 tenerer:
687 1692 899 1750 quoniam
937 1693 1031 1735 haec
1075 1693 1247 1736 terebat
1287 1694 1501 1737 volubilis
1546 1701 1590 1739 et
1624 1696 1764 1739 totius

279 1759 532 1801 severitatis
561 1759 819 1817 infrequens
851 1760 1047 1815 animus,
1079 1761 1194 1804 alius
1220 1762 1418 1819 profecto
1452 1779 1542 1805 non
1570 1769 1762 1822 poterat,

277 1842 413 1884 quam
433 1843 567 1884 quem
588 1828 800 1885 cogitatio
824 1835 1126 1886 suggesserat,
1157 1846 1180 1873 e
1194 1830 1325 1873 labiis
1350 1832 1588 1888 procedere
1606 1848 1762 1878 sonus.

337 1895 446 1937 Inde
469 1896 645 1950 accidit,
667 1901 733 1948 ut,
764 1897 1084 1941 effervescente
1110 1898 1310 1941 interiori
1342 1899 1480 1954 rabie,
1512 1900 1568 1943 ad
1598 1900 1763 1944 obscae-

276 1964 379 2005 nula
409 1964 614 2021 quaedam
637 1964 771 2007 verba
797 1965 1074 2018 devolverer,
1114 1971 1158 2009 et
1183 1967 1358 2025 aliquas
1391 1968 1594 2012 literulas
1614 1970 1762 2012 minus

276 2031 404 2088 pensi
424 2047 474 2074 ac
495 2032 713 2075 moderati
740 2032 973 2086 habentes,
996 2035 1134 2076 immo
1158 2035 1297 2078 totius
1318 2036 1567 2080 honestatis
1588 2038 1762 2081 nescias

275 2099 541 2142 dictitarem.
567 2100 675 2151 Quae
696 2116 796 2143 cum
823 2102 880 2143 ad
910 2102 1113 2159 magistri
1143 2103 1343 2160 praedicti
1374 2105 1582 2148 notitiam
1602 2118 1761 2163 perve-

274 2167 463 2221 nissent,
487 2173 531 2210 et
557 2168 653 2226 ipse
676 2170 906 2226 aegerrime
930 2170 1079 2224 ferret,
1108 2171 1156 2212 in
1173 2171 1295 2214 illius
1317 2173 1656 2216 exacerbatione
1674 2173 1761 2216 fas-

274 2235 373 2277 tidii
399 2251 502 2278 eum
529 2237 719 2294 contigit
751 2237 1094 2282 obdormiissed.
1126 2238 1223 2290 Quo
1251 2246 1477 2299 soporato,
1508 2241 1613 2284 talis
1647 2242 1688 2284 ei
1711 2257 1760 2285 se

273 2303 463 2360 ingessit
482 2304 627 2348 visio:
658 2305 807 2348 senior
832 2307 1017 2349 caniciei
1046 2307 1374 2365 pulcherrimae,
1403 2309 1542 2352 immo
1574 2310 1613 2352 is
1644 2309 1755 2368 ipse,

273 2371 312 2412 si
343 2371 489 2414 dicere
521 2373 725 2427 audeam,
757 2374 833 2431 qui
868 2374 914 2416 in
946 2374 1074 2417 initio
1105 2390 1175 2417 me
1202 2376 1259 2418 ad
1291 2378 1515 2420 eundeme
1540 2377 1758 2434 perduxe-

273 2445 342 2482 rat
361 2440 391 2493 2,
426 2445 470 2483 et
503 2456 702 2483 amorem
741 2442 836 2499 ejus
877 2442 989 2484 mihi
1022 2458 1197 2502 semper
1226 2443 1472 2487 affuturum
1505 2444 1758 2503 spoponde-

313 2561 344 2582 a.
372 2551 547 2584 universae
567 2552 611 2583 D.
629 2570 670 2575 —-
694 2552 728 2584 b.
758 2553 913 2594 Manque
938 2564 985 2585 un
1009 2557 1096 2586 mot.
1118 2554 1150 2586 D
1180 2565 1335 2597 suppose
1353 2565 1473 2588 amore
1496 2566 1542 2588 ou
1561 2556 1754 2598 voluptate.

273 2592 381 2634 cujus
399 2594 601 2634 exponetue
615 2594 699 2626 B.—
715 2604 745 2626 c.
767 2605 839 2635 meg
853 2595 941 2627 D.—
958 2596 991 2627 d.
1011 2596 1232 2628 obdormisse
1252 2597 1279 2628 B
1298 2597 1347 2636 <et
1363 2597 1471 2637 D).-—
1486 2608 1514 2629 e.
1533 2597 1697 2630 eumdem
1711 2598 1754 2630 D.

314 2735 343 2764 1.
371 2732 398 2763 11
424 2733 500 2765 faut
515 2734 750 2774 comprendi-e
771 2733 973 2766 lactabatur
991 2745 1128 2766 comme
1144 2736 1379 2777 frequentatis
1391 2737 1434 2767 de
1451 2737 1541 2768 lac-1⁸0
1558 2750 1598 2765 z
1612 2738 1752 2776 attirer,

272 2783 359 2805 avec
377 2775 407 2804 le
426 2784 506 2805 sens
526 2775 570 2805 de
592 2774 747 2813 se'duire,
762 2776 915 2807 leur-rer.
930 2777 1146 2808 Contresens
1164 2778 1207 2809 de
1223 2777 1366 2817 Guizot,
1381 2778 1484 2818 Call„
1511 2780 1536 2810 t.
1555 2779 1613 2815 lx,
1633 2790 1667 2819 p.
1682 2781 1751 2810 424.

313 2825 342 2852 2.
370 2821 503 2860 V.1.1,
522 2832 551 2852 c.
572 2833 604 2852 v.
