1930 3224
280 221 362 263 114
688 236 786 265 VEN.
822 236 1013 264 [mummi
1047 236 1152 264 viTAE
1183 237 1306 265 Llssssn
1339 237 1365 264 11

276 334 579 391 improvidum
605 334 867 376 convenisse
891 334 1078 387 videret,
1101 339 1202 392 post
1231 335 1402 392 aliquot
1436 335 1547 388 dies,
1582 339 1626 377 et
1651 335 1760 395 quid

275 401 469 453 fecisset,
498 407 543 444 et
572 402 690 459 quod
713 402 828 444 actio
862 417 960 443 mea
987 402 1151 444 actioni
1180 418 1270 445 suae
1295 403 1407 444 miro
1444 403 1576 445 modo
1608 403 1758 446 conci-

275 470 462 521 unisset,
493 471 548 511 ad
577 485 646 511 me
680 470 863 512 veniens
887 470 1122 514 enarravit.
1156 471 1293 521 Deus,
1323 470 1398 527 qui
1424 471 1624 513 omnium
1645 471 1692 514 in
1713 475 1758 514 te

271 538 548 580 credentium
578 538 782 579 lucernas
818 537 1047 580 illuminas
1069 538 1097 590 1,
1137 543 1186 580 tu
1216 538 1301 580 scis
1328 554 1464 596 quam
1489 538 1756 582 intentionis

272 606 499 648 lucernam
537 605 646 647 mihi
685 605 943 657 contuleris,
997 611 1041 648 et
1085 621 1234 663 quam,
1277 606 1393 648 inter
1430 606 1617 649 adversa
1644 622 1752 665 'quae

273 674 383 715 mihi
420 673 670 725 intulerint,
713 678 757 715 et
795 689 1056 731 prosperam
1100 674 1381 716 voluntatem
1429 674 1619 716 habeam
1640 674 1754 732 'erga

272 742 422 798 ipsos,
453 746 497 783 et
522 741 627 783 licet
647 757 779 798 opera
801 757 899 783 mea
928 757 1003 783 cor
1028 741 1236 784 videlicet
1261 741 1431 784 foedum
1466 742 1523 784 sit
1547 747 1593 785 et
1619 743 1754 786 mise-.-

271 825 385 862 rum,
416 814 635 866 quantum
654 809 710 851 ad
740 825 810 851 me
835 814 1022 867 spectat,
1049 814 1217 851 tamem
1252 825 1342 851 non
1376 815 1421 852 te
1446 810 1568 862 latet,
1593 825 1752 868 quan--

270 883 367 919 tum
391 878 447 919 ad
471 877 662 919 salutem
690 893 906 930 meorum,
931 893 1042 934 quos
1071 882 1121 919 tu
1149 877 1258 919 mihi
1288 877 1535 934 subjecisti,
1577 878 1753 921 animus

271 961 394 987 meus
415 945 645 988 intendat:
670 950 944 1002 quantopere
969 945 1103 987 etiam
1125 945 1241 987 mala
1259 961 1355 987 mea
1381 946 1629 999 considero,
1654 951 1751 988 tan-

219 1065 223 1070 ,
268 1018 420 1070 topere
457 1013 600 1070 magis
638 1013 691 1054 de
732 1013 862 1055 bonis
897 1013 1111 1070 ipsorum,
1167 1013 1204 1054 si
1248 1013 1492 1066 arriserint,
1539 1014 1752 1071 operibus

270 1081 502 1125 hilaresco.
531 1082 631 1124 Scio
663 1097 856 1138 namque
886 1097 937 1123 eo
976 1096 1045 1123 me
1078 1081 1196 1138 apud
1230 1086 1318 1123 tuae
1348 1081 1502 1139 gratiae
1540 1086 1753 1124 tronum⁸

268 1150 539 1203 liberiorem,
568 1165 656 1208 quo
677 1149 870 1206 amplius
891 1149 1203 1191 benivolorum
1227 1149 1387 1192 studiis
1422 1165 1493 1191 me
1521 1149 1751 1207 prae'buero

268 1218 525 1275 gratiorem.

328 1286 573 1343 Susceptus
600 1286 736 1342 igitur
760 1285 814 1327 ab
835 1285 915 1337 eis,
940 1290 985 1327 et
1008 1285 1244 1342 capitulari
1264 1286 1505 1327 conventui
1521 1285 1745 1339 inductus,

268 1370 401 1412 super
419 1354 679 1412 prophetico
704 1354 781 1395 illo
801 1353 980 1395 oraculo
1005 1369 1258 1395 sermonem
1284 1353 1435 1406 habui,
1454 1358 1499 1396 et
1521 1353 1614 1396 dixi
1635 1352 1749 1412 (erat

267 1427 417 1464 autem
448 1422 734 1464 Dominicum
769 1426 933 1478 praesto
966 1421 1142 1474 Natale,
1183 1437 1283 1463 cum
1319 1421 1457 1464 Isaias
1488 1420 1743 1479 legiturss:

268 1508 287 1529 «
328 1491 462 1542 Dicit,
498 1491 698 1547 inquam,
737 1489 875 1531 Isaias
906 1490 1139 1546 propheta,
1176 1490 1294 1546 quod
1333 1505 1475 1546 nuper
1509 1489 1698 1532 audistis
1733 1502 1742 1532 2

268 1559 588 1616 Apprehendet
631 1558 701 1600 vir
749 1557 932 1599 fratrem
975 1573 1119 1610 suum,
1161 1557 1457 1599 domesticum
1480 1557 1620 1614 patris
1656 1557 1742 1599 sui.

266 1627 595 1669 Vestimentum
638 1625 719 1667 tibi
752 1630 834 1678 est,
870 1625 1078 1682 princeps
1105 1630 1201 1667 esto
1227 1630 1393 1677 noster,
1427 1625 1554 1667 ruina
1594 1629 1745 1667 autem

264 1695 357 1736 haec
379 1695 462 1737 sub
483 1710 618 1736 manu
641 1699 732 1736 tua.
758 1694 814 1735 Et
842 1693 1128 1749 respondebit
1150 1692 1224 1734 ille
1244 1707 1252 1735 :
1275 1694 1377 1735 Non
1398 1709 1499 1735 sum
1524 1693 1739 1746 medicus,

264 1768 307 1804 et
330 1763 375 1804 in
397 1763 528 1804 domo
550 1777 647 1803 mea
673 1777 761 1803 non
779 1766 847 1803 est
874 1761 1001 1818 panis
1025 1776 1169 1818 neque
1213 1761 1533 1803 vestimentum
1552 1775 1561 1814 ;
1603 1761 1743 1803 nolite

262 1831 532 1872 constituere
558 1845 634 1872 me·
648 1829 909 1887 principem.
934 1829 1041 1871 Ruit
1060 1829 1180 1870 enim
1210 1828 1493 1870 Hierusalem
1525 1833 1570 1870 et
1603 1829 1742 1871 Judas

261 1899 497 1940 concidit3.
535 1916 554 1936 »
577 1898 656 1939 Vir
682 1902 750 1939 est
780 1897 856 1954 qui
879 1902 1033 1938 contra
1059 1896 1284 1938 diabolum
1323 1896 1621 1938 effoeminatus
1651 1911 1741 1939 non

261 1967 450 2009 habetur
466 1966 499 2008 ²².
526 1966 567 2007 Is
594 1965 775 2007 fratrem
798 1964 1108 2022 apprehendit,
1138 1980 1239 2006 cum
1268 1965 1323 2006 ad
1349 1964 1544 2022 aliquem
1570 1979 1624 2006 ex
1647 1964 1740 2006 Deo

260 2039 416 2077 natum
445 2050 490 2076 se
516 2034 704 2090 colligit.
736 2034 778 2074 Is
805 2048 981 2090 quoque
1005 2032 1145 2089 patris
1167 2032 1300 2074 debet
1326 2047 1424 2075 esse
1448 2031 1735 2085 domesticus,

260 2103 377 2160 quia,
409 2103 484 2159 qui
520 2102 575 2144 ad
608 2101 804 2143 officium
843 2100 1081 2156 corripitur
1107 2105 1379 2156 pastoratus,
1422 2099 1738 2156 mysteriorum

259 2172 419 2213 domus
462 2170 544 2212 Dei
578 2169 760 2226 reperiri
799 2184 887 2210 non
922 2168 1054 2210 debet
1085 2167 1281 2223 ignarus.
1317 2168 1403 2219 Qui
1435 2167 1556 2209 enim
1594 2183 1738 2210 sacra-

258 2243 511 2281 mentorum
567 2237 763 2279 ecclesiae
814 2236 991 2278 nescius
1042 2240 1125 2287 est,
1168 2235 1310 2292 ipsius
1353 2235 1736 2278 administratione

257 2307 420 2364 dignus
455 2321 545 2347 non
581 2310 663 2357 est,
704 2309 860 2361 utpote
892 2304 997 2361 quia
1032 2322 1051 2343 «
1091 2303 1250 2355 scriba,
1277 2304 1322 2345 in
1357 2318 1493 2360 regno
1522 2303 1737 2345 coelorum

295 2447 326 2469 a.
349 2437 522 2468 thronum
536 2436 578 2466 1).
597 2453 636 2457 —
655 2434 689 2466 h.
709 2434 808 2465 Corr.
833 2433 1008 2474 proposcc
1024 2443 1088 2473 par
1107 2433 1150 2465 D.
1171 2432 1404 2474 effoeminatas
1421 2432 1527 2464 hahet
1545 2432 1584 2464 Β.

297 2607 322 2634 1.
352 2602 426 2633 Lil).
463 2602 605 2639 psalm„
637 2601 750 2638 XVII,
778 2604 815 2630 29
846 2610 851 2630 :
882 2613 894 2626 «
921 2599 1095 2635 Quoniam
1130 2602 1166 2630 tu
1194 2599 1372 2630 illuminas
1397 2597 1578 2629 lucernam
1604 2607 1731 2638 meam,

252 2645 418 2679 Domine,
438 2644 534 2674 Dcus
550 2652 648 2673 mens
665 2642 824 2672 illunlinc
837 2641 1004 2672 tenebras
1021 2650 1155 2671 meas.»

293 2690 322 2717 2.
348 2686 394 2716 Le
410 2684 597 2716 dimanche
614 2686 722 2715 avant
739 2682 828 2713 No'el
847 2682 1010 2721 tombait,
1029 2692 1073 2713 en
1091 2684 1183 2720 1104,
1196 2682 1228 2713 le
1244 2684 1282 2712 18
1296 2680 1497 2721 decembre,
1511 2680 1601 2712 Noffl
1618 2680 1729 2719 etant,

251 2730 344 2758 ccttc
363 2726 535 2764 annec-la,
551 2736 598 2756 un
613 2725 810 2755 dimanche.

294 2773 322 2799 3.
348 2768 401 2799 Cf.
417 2769 542 2806 Isai'as,
563 2767 623 2805 111,
640 2770 703 2797 6—8.
