<?xml version="1.0" encoding="UTF-8"?>
<!DOCTYPE html PUBLIC "-//W3C//DTD XHTML 1.0 Transitional//EN"
    "http://www.w3.org/TR/xhtml1/DTD/xhtml1-transitional.dtd">
<html xmlns="http://www.w3.org/1999/xhtml" xml:lang="en" lang="en">
 <head>
  <title>
</title>
<meta http-equiv="Content-Type" content="text/html;charset=utf-8" />
  <meta name='ocr-system' content='tesseract 3.04.00' />
  <meta name='ocr-capabilities' content='ocr_page ocr_carea ocr_par ocr_line ocrx_word'/>
</head>
<body>
  <div class='ocr_page' id='page_1' title='image "./histoiredesavie100guibuoft_0215.png"; bbox 0 0 1930 3224; ppageno 0'>
   <div class='ocr_carea' id='block_1_1' title="bbox 0 0 390 2508">
    <p class='ocr_par' dir='ltr' id='par_1_1' title="bbox 0 0 390 2508">
     <span class='ocr_line' id='line_1_1' title="bbox 0 0 390 2508; baseline 0 -2191"><span class='ocrx_word' id='word_1_1' title='bbox 0 0 390 2508; x_wconf 95' lang='lat' dir='ltr'>   </span> 
     </span>
    </p>
   </div>
   <div class='ocr_carea' id='block_1_2' title="bbox 602 233 1679 283">
    <p class='ocr_par' dir='ltr' id='par_1_2' title="bbox 602 233 1679 283">
     <span class='ocr_line' id='line_1_2' title="bbox 602 233 1679 283; baseline -0.006 0"><span class='ocrx_word' id='word_1_2' title='bbox 602 253 702 283; x_wconf 77' lang='lat' dir='ltr'><strong>vEN.</strong></span> <span class='ocrx_word' id='word_1_3' title='bbox 737 252 933 282; x_wconf 70' lang='lat' dir='ltr'>summu</span> <span class='ocrx_word' id='word_1_4' title='bbox 966 251 1073 281; x_wconf 68' lang='lat' dir='ltr'>vim:</span> <span class='ocrx_word' id='word_1_5' title='bbox 1104 251 1227 280; x_wconf 68' lang='lat' dir='ltr'>mima</span> <span class='ocrx_word' id='word_1_6' title='bbox 1251 251 1300 279; x_wconf 84' lang='lat'>111</span> <span class='ocrx_word' id='word_1_7' title='bbox 1602 233 1679 277; x_wconf 80' lang='lat'>141</span> 
     </span>
    </p>
   </div>
   <div class='ocr_carea' id='block_1_3' title="bbox 181 348 1694 2338">
    <p class='ocr_par' dir='ltr' id='par_1_3' title="bbox 181 348 1688 754">
     <span class='ocr_line' id='line_1_3' title="bbox 182 348 1688 410; baseline -0.007 -11"><span class='ocrx_word' id='word_1_8' title='bbox 182 353 435 399; x_wconf 74' lang='lat' dir='ltr'>conventus</span> <span class='ocrx_word' id='word_1_9' title='bbox 459 352 663 410; x_wconf 84' lang='lat' dir='ltr'><strong>locuples</strong></span> <span class='ocrx_word' id='word_1_10' title='bbox 686 351 936 407; x_wconf 83' lang='lat' dir='ltr'>insignium</span> <span class='ocrx_word' id='word_1_11' title='bbox 968 349 1214 392; x_wconf 87' lang='lat' dir='ltr'>admodum</span> <span class='ocrx_word' id='word_1_12' title='bbox 1246 363 1560 407; x_wconf 88' lang='lat' dir='ltr'>personarum,</span> <span class='ocrx_word' id='word_1_13' title='bbox 1598 348 1688 390; x_wconf 84' lang='lat' dir='ltr'>Ita-</span> 
     </span>
     <span class='ocr_line' id='line_1_4' title="bbox 183 415 1682 479; baseline -0.006 -13"><span class='ocrx_word' id='word_1_14' title='bbox 183 422 373 466; x_wconf 83' lang='lat' dir='ltr'>licorum</span> <span class='ocrx_word' id='word_1_15' title='bbox 398 421 715 479; x_wconf 88' lang='lat' dir='ltr'>episcoporum</span> <span class='ocrx_word' id='word_1_16' title='bbox 731 424 867 478; x_wconf 83' lang='lat' dir='ltr'>atque</span> <span class='ocrx_word' id='word_1_17' title='bbox 894 418 1181 471; x_wconf 79' lang='lat' dir='ltr'>nostratium,</span> <span class='ocrx_word' id='word_1_18' title='bbox 1204 417 1283 460; x_wconf 90' lang='lat' dir='ltr'>sed</span> <span class='ocrx_word' id='word_1_19' title='bbox 1298 422 1343 460; x_wconf 88' lang='lat' dir='ltr'>et</span> <span class='ocrx_word' id='word_1_20' title='bbox 1366 415 1682 470; x_wconf 81' lang='lat' dir='ltr'>cardinalium,</span> 
     </span>
     <span class='ocr_line' id='line_1_5' title="bbox 181 484 1686 548; baseline -0.006 -13"><span class='ocrx_word' id='word_1_21' title='bbox 181 491 463 548; x_wconf 82' lang='lat' dir='ltr'>aliorumque</span> <span class='ocrx_word' id='word_1_22' title='bbox 508 488 939 532; x_wconf 86' lang='lat' dir='ltr'>literatissimorum.</span> <span class='ocrx_word' id='word_1_23' title='bbox 992 487 1246 544; x_wconf 79' lang='lat' dir='ltr'>Interrogat</span> <span class='ocrx_word' id='word_1_24' title='bbox 1289 501 1396 543; x_wconf 86' lang='lat' dir='ltr'>ergo</span> <span class='ocrx_word' id='word_1_25' title='bbox 1432 499 1550 543; x_wconf 86' lang='lat' dir='ltr'>papa</span> <span class='ocrx_word' id='word_1_26' title='bbox 1590 484 1686 542; x_wconf 90' lang='lat' dir='ltr'>pri-</span> 
     </span>
     <span class='ocr_line' id='line_1_6' title="bbox 183 552 1686 615; baseline -0.006 -12"><span class='ocrx_word' id='word_1_27' title='bbox 183 574 326 614; x_wconf 88' lang='lat' dir='ltr'>mum,</span> <span class='ocrx_word' id='word_1_28' title='bbox 367 573 447 601; x_wconf 90' lang='lat' dir='ltr'>cur</span> <span class='ocrx_word' id='word_1_29' title='bbox 481 558 762 615; x_wconf 82' lang='lat' dir='ltr'>elegeramus</span> <span class='ocrx_word' id='word_1_30' title='bbox 791 556 999 613; x_wconf 85' lang='lat' dir='ltr'>ignotum</span> <span class='ocrx_word' id='word_1_31' title='bbox 1029 555 1277 598; x_wconf 90' lang='lat' dir='ltr'>hominem.</span> <span class='ocrx_word' id='word_1_32' title='bbox 1307 553 1382 596; x_wconf 93' lang='lat' dir='ltr'>Ad</span> <span class='ocrx_word' id='word_1_33' title='bbox 1414 552 1551 611; x_wconf 90' lang='lat' dir='ltr'>quod,</span> <span class='ocrx_word' id='word_1_34' title='bbox 1583 568 1686 595; x_wconf 91' lang='lat' dir='ltr'>cum</span> 
     </span>
     <span class='ocr_line' id='line_1_7' title="bbox 182 621 1687 685; baseline -0.005 -14"><span class='ocrx_word' id='word_1_35' title='bbox 182 643 316 671; x_wconf 86' lang='lat' dir='ltr'>nemo</span> <span class='ocrx_word' id='word_1_36' title='bbox 344 626 713 685; x_wconf 86' lang='lat' dir='ltr'>presbyterorum</span> <span class='ocrx_word' id='word_1_37' title='bbox 744 624 1055 682; x_wconf 75' lang='lat' dir='ltr'>respondisset</span> <span class='ocrx_word' id='word_1_38' title='bbox 1083 624 1207 672; x_wconf 91' lang='lat' dir='ltr'>(nam</span> <span class='ocrx_word' id='word_1_39' title='bbox 1237 622 1424 682; x_wconf 90' lang='lat' dir='ltr'>quidam</span> <span class='ocrx_word' id='word_1_40' title='bbox 1462 621 1687 664; x_wconf 88' lang='lat' dir='ltr'>elementa</span> 
     </span>
     <span class='ocr_line' id='line_1_8' title="bbox 183 693 1024 754; baseline -0.005 -14"><span class='ocrx_word' id='word_1_41' title='bbox 183 696 262 740; x_wconf 84' lang='lat' dir='ltr'>vix</span> <span class='ocrx_word' id='word_1_42' title='bbox 283 695 480 754; x_wconf 86' lang='lat' dir='ltr'>norant),</span> <span class='ocrx_word' id='word_1_43' title='bbox 511 694 569 737; x_wconf 89' lang='lat' dir='ltr'>ad</span> <span class='ocrx_word' id='word_1_44' title='bbox 588 693 776 737; x_wconf 83' lang='lat' dir='ltr'>abbates</span> <span class='ocrx_word' id='word_1_45' title='bbox 797 708 844 735; x_wconf 85' lang='lat' dir='ltr'>se</span> <span class='ocrx_word' id='word_1_46' title='bbox 870 693 1024 736; x_wconf 86' lang='lat' dir='ltr'>vertit.</span> 
     </span>
    </p>

    <p class='ocr_par' dir='ltr' id='par_1_4' title="bbox 185 758 1694 2338">
     <span class='ocr_line' id='line_1_9' title="bbox 244 758 1689 819; baseline -0.005 -11"><span class='ocrx_word' id='word_1_47' title='bbox 244 763 468 809; x_wconf 90' lang='lat' dir='ltr'>Sedebam</span> <span class='ocrx_word' id='word_1_48' title='bbox 501 768 654 806; x_wconf 87' lang='lat' dir='ltr'>autem</span> <span class='ocrx_word' id='word_1_49' title='bbox 700 762 818 805; x_wconf 90' lang='lat' dir='ltr'>inter</span> <span class='ocrx_word' id='word_1_50' title='bbox 858 766 1101 819; x_wconf 89' lang='lat' dir='ltr'>utrumque</span> <span class='ocrx_word' id='word_1_51' title='bbox 1139 760 1331 803; x_wconf 85' lang='lat' dir='ltr'>medius.</span> <span class='ocrx_word' id='word_1_52' title='bbox 1369 759 1562 817; x_wconf 84' lang='lat' dir='ltr'>Utrique</span> <span class='ocrx_word' id='word_1_53' title='bbox 1602 758 1689 816; x_wconf 86' lang='lat' dir='ltr'>igi-</span> 
     </span>
     <span class='ocr_line' id='line_1_10' title="bbox 185 827 1687 887; baseline -0.005 -10"><span class='ocrx_word' id='word_1_54' title='bbox 185 837 260 878; x_wconf 83' lang='lat' dir='ltr'>tur</span> <span class='ocrx_word' id='word_1_55' title='bbox 284 832 342 876; x_wconf 92' lang='lat' dir='ltr'>ad</span> <span class='ocrx_word' id='word_1_56' title='bbox 364 832 490 875; x_wconf 88' lang='lat' dir='ltr'>illata</span> <span class='ocrx_word' id='word_1_57' title='bbox 516 835 733 883; x_wconf 81' lang='lat' dir='ltr'>tacentes,</span> <span class='ocrx_word' id='word_1_58' title='bbox 762 846 833 873; x_wconf 91' lang='lat' dir='ltr'>me</span> <span class='ocrx_word' id='word_1_59' title='bbox 860 835 910 872; x_wconf 91' lang='lat' dir='ltr'>ut</span> <span class='ocrx_word' id='word_1_60' title='bbox 937 830 1147 887; x_wconf 86' lang='lat' dir='ltr'>loquerer</span> <span class='ocrx_word' id='word_1_61' title='bbox 1173 829 1278 871; x_wconf 90' lang='lat' dir='ltr'>hinc</span> <span class='ocrx_word' id='word_1_62' title='bbox 1314 833 1359 870; x_wconf 89' lang='lat' dir='ltr'>et</span> <span class='ocrx_word' id='word_1_63' title='bbox 1385 827 1490 870; x_wconf 92' lang='lat' dir='ltr'>inde</span> <span class='ocrx_word' id='word_1_64' title='bbox 1525 843 1687 884; x_wconf 85' lang='lat' dir='ltr'>urgere</span> 
     </span>
     <span class='ocr_line' id='line_1_11' title="bbox 185 895 1688 961; baseline -0.005 -16"><span class='ocrx_word' id='word_1_65' title='bbox 185 905 436 961; x_wconf 89' lang='lat' dir='ltr'>coeperunt,</span> <span class='ocrx_word' id='word_1_66' title='bbox 472 900 566 959; x_wconf 86' lang='lat' dir='ltr'>qui,</span> <span class='ocrx_word' id='word_1_67' title='bbox 608 915 718 942; x_wconf 82' lang='lat' dir='ltr'>meae</span> <span class='ocrx_word' id='word_1_68' title='bbox 751 898 938 941; x_wconf 90' lang='lat' dir='ltr'>timidus</span> <span class='ocrx_word' id='word_1_69' title='bbox 962 897 1218 956; x_wconf 84' lang='lat' dir='ltr'>juventutis</span> <span class='ocrx_word' id='word_1_70' title='bbox 1258 901 1303 939; x_wconf 88' lang='lat' dir='ltr'>et</span> <span class='ocrx_word' id='word_1_71' title='bbox 1329 896 1374 938; x_wconf 91' lang='lat' dir='ltr'>in</span> <span class='ocrx_word' id='word_1_72' title='bbox 1419 901 1548 939; x_wconf 85' lang='lat' dir='ltr'>tanto</span> <span class='ocrx_word' id='word_1_73' title='bbox 1586 895 1688 940; x_wconf 92' lang='lat' dir='ltr'>loco</span> 
     </span>
     <span class='ocr_line' id='line_1_12' title="bbox 187 964 1689 1029; baseline -0.005 -15"><span class='ocrx_word' id='word_1_74' title='bbox 187 975 325 1029; x_wconf 81' lang='lat' dir='ltr'>atque</span> <span class='ocrx_word' id='word_1_75' title='bbox 346 968 532 1027; x_wconf 87' lang='lat' dir='ltr'>negotio</span> <span class='ocrx_word' id='word_1_76' title='bbox 553 967 824 1012; x_wconf 87' lang='lat' dir='ltr'>temeritatis</span> <span class='ocrx_word' id='word_1_77' title='bbox 848 972 1004 1010; x_wconf 88' lang='lat' dir='ltr'>notam</span> <span class='ocrx_word' id='word_1_78' title='bbox 1028 982 1206 1019; x_wconf 86' lang='lat' dir='ltr'>verens,</span> <span class='ocrx_word' id='word_1_79' title='bbox 1236 965 1311 1009; x_wconf 86' lang='lat' dir='ltr'>vix</span> <span class='ocrx_word' id='word_1_80' title='bbox 1335 981 1386 1007; x_wconf 93' lang='lat' dir='ltr'>os</span> <span class='ocrx_word' id='word_1_81' title='bbox 1412 980 1502 1023; x_wconf 84' lang='lat' dir='ltr'>prae</span> <span class='ocrx_word' id='word_1_82' title='bbox 1517 964 1689 1023; x_wconf 93' lang='lat' dir='ltr'>pudore</span> 
     </span>
     <span class='ocr_line' id='line_1_13' title="bbox 185 1036 1686 1098; baseline -0.005 -16"><span class='ocrx_word' id='word_1_83' title='bbox 185 1038 358 1098; x_wconf 86' lang='lat' dir='ltr'>aperire</span> <span class='ocrx_word' id='word_1_84' title='bbox 381 1036 605 1080; x_wconf 89' lang='lat' dir='ltr'>consensi.</span> <span class='ocrx_word' id='word_1_85' title='bbox 639 1036 796 1079; x_wconf 85' lang='lat' dir='ltr'>Fiebat</span> <span class='ocrx_word' id='word_1_86' title='bbox 816 1041 967 1079; x_wconf 88' lang='lat' dir='ltr'>autem</span> <span class='ocrx_word' id='word_1_87' title='bbox 1005 1051 1077 1078; x_wconf 88' lang='lat' dir='ltr'>res</span> <span class='ocrx_word' id='word_1_88' title='bbox 1104 1050 1194 1077; x_wconf 93' lang='lat' dir='ltr'>non</span> <span class='ocrx_word' id='word_1_89' title='bbox 1222 1039 1425 1077; x_wconf 90' lang='lat' dir='ltr'>materno</span> <span class='ocrx_word' id='word_1_90' title='bbox 1460 1048 1686 1086; x_wconf 87' lang='lat' dir='ltr'>sermone,</span> 
     </span>
     <span class='ocr_line' id='line_1_14' title="bbox 187 1102 1687 1162; baseline -0.005 -12"><span class='ocrx_word' id='word_1_91' title='bbox 187 1107 268 1151; x_wconf 88' lang='lat' dir='ltr'>sed</span> <span class='ocrx_word' id='word_1_92' title='bbox 287 1106 432 1149; x_wconf 89' lang='lat' dir='ltr'>literis</span> <span class='ocrx_word' id='word_1_93' title='bbox 455 1106 484 1149; x_wconf 84' lang='lat'>¹.</span> <span class='ocrx_word' id='word_1_94' title='bbox 507 1105 612 1148; x_wconf 84' lang='lat' dir='ltr'>Dixi</span> <span class='ocrx_word' id='word_1_95' title='bbox 635 1120 743 1162; x_wconf 84' lang='lat' dir='ltr'>ergo</span> <span class='ocrx_word' id='word_1_96' title='bbox 762 1104 846 1147; x_wconf 91' lang='lat' dir='ltr'>sub</span> <span class='ocrx_word' id='word_1_97' title='bbox 868 1104 1011 1147; x_wconf 85' lang='lat' dir='ltr'>multa</span> <span class='ocrx_word' id='word_1_98' title='bbox 1045 1103 1135 1146; x_wconf 93' lang='lat' dir='ltr'>oris</span> <span class='ocrx_word' id='word_1_99' title='bbox 1171 1119 1222 1146; x_wconf 89' lang='lat' dir='ltr'>ac</span> <span class='ocrx_word' id='word_1_100' title='bbox 1247 1102 1388 1145; x_wconf 88' lang='lat' dir='ltr'>animi</span> <span class='ocrx_word' id='word_1_101' title='bbox 1425 1102 1687 1155; x_wconf 84' lang='lat' dir='ltr'>suffusione,</span> 
     </span>
     <span class='ocr_line' id='line_1_15' title="bbox 185 1170 1690 1236; baseline -0.005 -18"><span class='ocrx_word' id='word_1_102' title='bbox 185 1191 287 1236; x_wconf 84' lang='lat' dir='ltr'>quae</span> <span class='ocrx_word' id='word_1_103' title='bbox 312 1174 554 1232; x_wconf 86' lang='lat' dir='ltr'>rogitantis</span> <span class='ocrx_word' id='word_1_104' title='bbox 577 1173 813 1216; x_wconf 70' lang='lat' dir='ltr'>sententiae</span> <span class='ocrx_word' id='word_1_105' title='bbox 839 1177 1156 1230; x_wconf 83' lang='lat' dir='ltr'>congruerent,</span> <span class='ocrx_word' id='word_1_106' title='bbox 1180 1171 1266 1214; x_wconf 92' lang='lat' dir='ltr'>sub</span> <span class='ocrx_word' id='word_1_107' title='bbox 1288 1170 1563 1213; x_wconf 88' lang='lat' dir='ltr'>dictionibus</span> <span class='ocrx_word' id='word_1_108' title='bbox 1588 1170 1690 1228; x_wconf 88' lang='lat' dir='ltr'>qui-</span> 
     </span>
     <span class='ocr_line' id='line_1_16' title="bbox 187 1239 1688 1301; baseline -0.005 -14"><span class='ocrx_word' id='word_1_109' title='bbox 187 1243 292 1288; x_wconf 88' lang='lat' dir='ltr'>dem</span> <span class='ocrx_word' id='word_1_110' title='bbox 323 1242 588 1301; x_wconf 89' lang='lat' dir='ltr'>compositis</span> <span class='ocrx_word' id='word_1_111' title='bbox 630 1241 767 1284; x_wconf 87' lang='lat' dir='ltr'>verba</span> <span class='ocrx_word' id='word_1_112' title='bbox 811 1241 1028 1298; x_wconf 85' lang='lat' dir='ltr'>tepentia,</span> <span class='ocrx_word' id='word_1_113' title='bbox 1074 1240 1155 1283; x_wconf 90' lang='lat' dir='ltr'>sed</span> <span class='ocrx_word' id='word_1_114' title='bbox 1186 1255 1275 1282; x_wconf 91' lang='lat' dir='ltr'>non</span> <span class='ocrx_word' id='word_1_115' title='bbox 1308 1239 1492 1297; x_wconf 90' lang='lat' dir='ltr'>penitus</span> <span class='ocrx_word' id='word_1_116' title='bbox 1520 1254 1544 1281; x_wconf 88' lang='lat' dir='ltr'>a</span> <span class='ocrx_word' id='word_1_117' title='bbox 1580 1254 1688 1281; x_wconf 87' lang='lat' dir='ltr'>vero</span> 
     </span>
     <span class='ocr_line' id='line_1_17' title="bbox 187 1309 1687 1356; baseline -0.005 0"><span class='ocrx_word' id='word_1_118' title='bbox 187 1311 441 1356; x_wconf 86' lang='lat' dir='ltr'>deviantia:</span> <span class='ocrx_word' id='word_1_119' title='bbox 474 1311 707 1354; x_wconf 89' lang='lat' dir='ltr'>hominem</span> <span class='ocrx_word' id='word_1_120' title='bbox 750 1325 857 1353; x_wconf 88' lang='lat' dir='ltr'>sane</span> <span class='ocrx_word' id='word_1_121' title='bbox 884 1326 940 1352; x_wconf 83' lang='lat' dir='ltr'>ex</span> <span class='ocrx_word' id='word_1_122' title='bbox 972 1309 1278 1352; x_wconf 84' lang='lat' dir='ltr'>familiaritate</span> <span class='ocrx_word' id='word_1_123' title='bbox 1309 1324 1392 1350; x_wconf 91' lang='lat' dir='ltr'>nos</span> <span class='ocrx_word' id='word_1_124' title='bbox 1418 1312 1463 1350; x_wconf 91' lang='lat' dir='ltr'>et</span> <span class='ocrx_word' id='word_1_125' title='bbox 1485 1323 1571 1349; x_wconf 87' lang='lat' dir='ltr'>usu</span> <span class='ocrx_word' id='word_1_126' title='bbox 1595 1323 1687 1350; x_wconf 91' lang='lat' dir='ltr'>non</span> 
     </span>
     <span class='ocr_line' id='line_1_18' title="bbox 187 1376 1688 1435; baseline -0.004 -11"><span class='ocrx_word' id='word_1_127' title='bbox 187 1396 339 1433; x_wconf 90' lang='lat' dir='ltr'>nosse,</span> <span class='ocrx_word' id='word_1_128' title='bbox 379 1380 460 1423; x_wconf 91' lang='lat' dir='ltr'>sed</span> <span class='ocrx_word' id='word_1_129' title='bbox 493 1395 549 1422; x_wconf 86' lang='lat' dir='ltr'>ex</span> <span class='ocrx_word' id='word_1_130' title='bbox 584 1379 888 1421; x_wconf 87' lang='lat' dir='ltr'>benivolentia</span> <span class='ocrx_word' id='word_1_131' title='bbox 929 1378 1221 1421; x_wconf 87' lang='lat' dir='ltr'>referentium</span> <span class='ocrx_word' id='word_1_132' title='bbox 1261 1376 1511 1435; x_wconf 86' lang='lat' dir='ltr'>probitates</span> <span class='ocrx_word' id='word_1_133' title='bbox 1551 1376 1606 1418; x_wconf 92' lang='lat' dir='ltr'>de</span> <span class='ocrx_word' id='word_1_134' title='bbox 1636 1391 1688 1418; x_wconf 92' lang='lat' dir='ltr'>eo</span> 
     </span>
     <span class='ocr_line' id='line_1_19' title="bbox 187 1444 1692 1508; baseline -0.005 -15"><span class='ocrx_word' id='word_1_135' title='bbox 187 1449 364 1508; x_wconf 86' lang='lat' dir='ltr'>aliquas</span> <span class='ocrx_word' id='word_1_136' title='bbox 407 1448 650 1506; x_wconf 89' lang='lat' dir='ltr'>accepisse.</span> <span class='ocrx_word' id='word_1_137' title='bbox 690 1447 822 1500; x_wconf 92' lang='lat' dir='ltr'>Quod</span> <span class='ocrx_word' id='word_1_138' title='bbox 859 1463 963 1490; x_wconf 91' lang='lat' dir='ltr'>cum</span> <span class='ocrx_word' id='word_1_139' title='bbox 995 1447 1172 1505; x_wconf 89' lang='lat' dir='ltr'>prolato</span> <span class='ocrx_word' id='word_1_140' title='bbox 1209 1445 1447 1504; x_wconf 83' lang='lat' dir='ltr'>Evangelii</span> <span class='ocrx_word' id='word_1_141' title='bbox 1478 1444 1692 1487; x_wconf 86' lang='lat' dir='ltr'>testimo-</span> 
     </span>
     <span class='ocr_line' id='line_1_20' title="bbox 188 1514 1691 1574; baseline -0.004 -13"><span class='ocrx_word' id='word_1_142' title='bbox 188 1518 294 1562; x_wconf 83' lang='lat' dir='ltr'>nio:</span> <span class='ocrx_word' id='word_1_143' title='bbox 327 1535 347 1558; x_wconf 94' lang='lat'>«</span> <span class='ocrx_word' id='word_1_144' title='bbox 378 1517 466 1570; x_wconf 89' lang='lat' dir='ltr'>Qui</span> <span class='ocrx_word' id='word_1_145' title='bbox 497 1516 627 1570; x_wconf 84' lang='lat' dir='ltr'>vidit,</span> <span class='ocrx_word' id='word_1_146' title='bbox 663 1516 826 1574; x_wconf 89' lang='lat' dir='ltr'>inquit,</span> <span class='ocrx_word' id='word_1_147' title='bbox 866 1516 1180 1558; x_wconf 84' lang='lat' dir='ltr'>testimonium</span> <span class='ocrx_word' id='word_1_148' title='bbox 1209 1514 1441 1573; x_wconf 88' lang='lat' dir='ltr'>perhibuit</span> <span class='ocrx_word' id='word_1_149' title='bbox 1458 1514 1491 1564; x_wconf 68' lang='lat'>2,</span> <span class='ocrx_word' id='word_1_150' title='bbox 1536 1532 1556 1553; x_wconf 89' lang='lat'>»</span> <span class='ocrx_word' id='word_1_151' title='bbox 1590 1528 1691 1556; x_wconf 90' lang='lat' dir='ltr'>cas-</span> 
     </span>
     <span class='ocr_line' id='line_1_21' title="bbox 189 1581 1689 1643; baseline -0.004 -13"><span class='ocrx_word' id='word_1_152' title='bbox 189 1602 287 1630; x_wconf 88' lang='lat' dir='ltr'>sare</span> <span class='ocrx_word' id='word_1_153' title='bbox 312 1590 550 1639; x_wconf 84' lang='lat' dir='ltr'>tentasset,</span> <span class='ocrx_word' id='word_1_154' title='bbox 580 1589 625 1628; x_wconf 91' lang='lat' dir='ltr'>et</span> <span class='ocrx_word' id='word_1_155' title='bbox 650 1585 764 1628; x_wconf 91' lang='lat' dir='ltr'>illud</span> <span class='ocrx_word' id='word_1_156' title='bbox 788 1585 871 1628; x_wconf 91' lang='lat' dir='ltr'>hoc</span> <span class='ocrx_word' id='word_1_157' title='bbox 898 1600 987 1627; x_wconf 93' lang='lat' dir='ltr'>non</span> <span class='ocrx_word' id='word_1_158' title='bbox 1017 1584 1230 1643; x_wconf 89' lang='lat' dir='ltr'>explicito</span> <span class='ocrx_word' id='word_1_159' title='bbox 1267 1582 1527 1641; x_wconf 89' lang='lat' dir='ltr'>objecisset,</span> <span class='ocrx_word' id='word_1_160' title='bbox 1567 1581 1689 1640; x_wconf 90' lang='lat' dir='ltr'>quod</span> 
     </span>
     <span class='ocr_line' id='line_1_22' title="bbox 189 1651 1691 1712; baseline -0.004 -14"><span class='ocrx_word' id='word_1_161' title='bbox 189 1655 327 1699; x_wconf 89' lang='lat' dir='ltr'>etiam</span> <span class='ocrx_word' id='word_1_162' title='bbox 352 1654 407 1697; x_wconf 92' lang='lat' dir='ltr'>de</span> <span class='ocrx_word' id='word_1_163' title='bbox 425 1654 546 1697; x_wconf 88' lang='lat' dir='ltr'>curia</span> <span class='ocrx_word' id='word_1_164' title='bbox 574 1655 745 1696; x_wconf 88' lang='lat' dir='ltr'>electus</span> <span class='ocrx_word' id='word_1_165' title='bbox 765 1658 901 1707; x_wconf 85' lang='lat' dir='ltr'>esset,</span> <span class='ocrx_word' id='word_1_166' title='bbox 926 1669 1009 1711; x_wconf 83' lang='lat' dir='ltr'>ego</span> <span class='ocrx_word' id='word_1_167' title='bbox 1033 1653 1233 1712; x_wconf 89' lang='lat' dir='ltr'>quidem,</span> <span class='ocrx_word' id='word_1_168' title='bbox 1271 1667 1377 1694; x_wconf 83' lang='lat' dir='ltr'>mox</span> <span class='ocrx_word' id='word_1_169' title='bbox 1414 1651 1566 1694; x_wconf 90' lang='lat' dir='ltr'>inutili</span> <span class='ocrx_word' id='word_1_170' title='bbox 1598 1655 1691 1693; x_wconf 88' lang='lat' dir='ltr'>ter-</span> 
     </span>
     <span class='ocr_line' id='line_1_23' title="bbox 189 1719 1692 1782; baseline -0.003 -16"><span class='ocrx_word' id='word_1_171' title='bbox 189 1723 492 1782; x_wconf 84' lang='lat' dir='ltr'>giversatione</span> <span class='ocrx_word' id='word_1_172' title='bbox 533 1722 800 1781; x_wconf 87' lang='lat' dir='ltr'>postposita,</span> <span class='ocrx_word' id='word_1_173' title='bbox 846 1722 994 1764; x_wconf 88' lang='lat' dir='ltr'>fassus</span> <span class='ocrx_word' id='word_1_174' title='bbox 1032 1737 1103 1764; x_wconf 87' lang='lat' dir='ltr'>me</span> <span class='ocrx_word' id='word_1_175' title='bbox 1141 1721 1294 1763; x_wconf 83' lang='lat' dir='ltr'>verbis</span> <span class='ocrx_word' id='word_1_176' title='bbox 1333 1719 1432 1778; x_wconf 89' lang='lat' dir='ltr'>ejus</span> <span class='ocrx_word' id='word_1_177' title='bbox 1472 1719 1692 1777; x_wconf 80' lang='lat' dir='ltr'>refragari</span> 
     </span>
     <span class='ocr_line' id='line_1_24' title="bbox 189 1789 1692 1850; baseline -0.003 -15"><span class='ocrx_word' id='word_1_178' title='bbox 189 1808 279 1835; x_wconf 91' lang='lat' dir='ltr'>non</span> <span class='ocrx_word' id='word_1_179' title='bbox 330 1804 492 1850; x_wconf 89' lang='lat' dir='ltr'>posse:</span> <span class='ocrx_word' id='word_1_180' title='bbox 531 1791 654 1849; x_wconf 92' lang='lat' dir='ltr'>quod</span> <span class='ocrx_word' id='word_1_181' title='bbox 689 1791 820 1833; x_wconf 83' lang='lat' dir='ltr'>valde</span> <span class='ocrx_word' id='word_1_182' title='bbox 859 1791 946 1848; x_wconf 88' lang='lat' dir='ltr'>ipsi</span> <span class='ocrx_word' id='word_1_183' title='bbox 987 1790 1172 1848; x_wconf 87' lang='lat' dir='ltr'>placuit.</span> <span class='ocrx_word' id='word_1_184' title='bbox 1215 1790 1326 1832; x_wconf 85' lang='lat' dir='ltr'>Erat</span> <span class='ocrx_word' id='word_1_185' title='bbox 1369 1789 1491 1831; x_wconf 90' lang='lat' dir='ltr'>enim</span> <span class='ocrx_word' id='word_1_186' title='bbox 1540 1789 1692 1831; x_wconf 90' lang='lat' dir='ltr'>minus</span> 
     </span>
     <span class='ocr_line' id='line_1_25' title="bbox 189 1857 1693 1920; baseline -0.003 -16"><span class='ocrx_word' id='word_1_187' title='bbox 189 1876 327 1920; x_wconf 83' lang='lat' dir='ltr'>quam</span> <span class='ocrx_word' id='word_1_188' title='bbox 350 1876 432 1903; x_wconf 91' lang='lat' dir='ltr'>suo</span> <span class='ocrx_word' id='word_1_189' title='bbox 455 1865 732 1918; x_wconf 88' lang='lat' dir='ltr'>competeret</span> <span class='ocrx_word' id='word_1_190' title='bbox 767 1859 913 1902; x_wconf 87' lang='lat' dir='ltr'>officio</span> <span class='ocrx_word' id='word_1_191' title='bbox 943 1860 1164 1917; x_wconf 81' lang='lat' dir='ltr'>literatus.</span> <span class='ocrx_word' id='word_1_192' title='bbox 1200 1858 1309 1900; x_wconf 92' lang='lat' dir='ltr'>Inde</span> <span class='ocrx_word' id='word_1_193' title='bbox 1346 1873 1450 1900; x_wconf 89' lang='lat' dir='ltr'>cum</span> <span class='ocrx_word' id='word_1_194' title='bbox 1487 1857 1693 1900; x_wconf 83' lang='lat' dir='ltr'>defenso-</span> 
     </span>
     <span class='ocr_line' id='line_1_26' title="bbox 189 1926 1694 1986; baseline -0.003 -14"><span class='ocrx_word' id='word_1_195' title='bbox 189 1930 304 1973; x_wconf 88' lang='lat' dir='ltr'>riam</span> <span class='ocrx_word' id='word_1_196' title='bbox 338 1929 786 1972; x_wconf 82' lang='lat' dir='ltr'>circumlocutionem</span> <span class='ocrx_word' id='word_1_197' title='bbox 814 1943 960 1970; x_wconf 87' lang='lat' dir='ltr'>meam</span> <span class='ocrx_word' id='word_1_198' title='bbox 995 1928 1052 1971; x_wconf 90' lang='lat' dir='ltr'>ad</span> <span class='ocrx_word' id='word_1_199' title='bbox 1090 1928 1284 1986; x_wconf 88' lang='lat' dir='ltr'>primam</span> <span class='ocrx_word' id='word_1_200' title='bbox 1311 1927 1455 1985; x_wconf 92' lang='lat' dir='ltr'>ipsius</span> <span class='ocrx_word' id='word_1_201' title='bbox 1482 1926 1694 1984; x_wconf 84' lang='lat' dir='ltr'>quaestio-</span> 
     </span>
     <span class='ocr_line' id='line_1_27' title="bbox 191 1995 1694 2056; baseline -0.003 -15"><span class='ocrx_word' id='word_1_202' title='bbox 191 2013 295 2042; x_wconf 91' lang='lat' dir='ltr'>nem</span> <span class='ocrx_word' id='word_1_203' title='bbox 330 2013 488 2056; x_wconf 88' lang='lat' dir='ltr'>parum</span> <span class='ocrx_word' id='word_1_204' title='bbox 533 1997 744 2055; x_wconf 90' lang='lat' dir='ltr'>ponderis</span> <span class='ocrx_word' id='word_1_205' title='bbox 778 1996 942 2039; x_wconf 83' lang='lat' dir='ltr'>habere</span> <span class='ocrx_word' id='word_1_206' title='bbox 979 1997 1211 2051; x_wconf 86' lang='lat' dir='ltr'>sentirem,</span> <span class='ocrx_word' id='word_1_207' title='bbox 1245 1996 1454 2054; x_wconf 90' lang='lat' dir='ltr'>quamvis</span> <span class='ocrx_word' id='word_1_208' title='bbox 1489 1995 1556 2038; x_wconf 91' lang='lat' dir='ltr'>illi</span> <span class='ocrx_word' id='word_1_209' title='bbox 1591 1995 1694 2053; x_wconf 88' lang='lat' dir='ltr'>plu-</span> 
     </span>
     <span class='ocr_line' id='line_1_28' title="bbox 190 2064 1692 2124; baseline -0.003 -14"><span class='ocrx_word' id='word_1_210' title='bbox 190 2067 356 2110; x_wconf 90' lang='lat' dir='ltr'>rimum</span> <span class='ocrx_word' id='word_1_211' title='bbox 376 2071 504 2124; x_wconf 87' lang='lat' dir='ltr'>grata</span> <span class='ocrx_word' id='word_1_212' title='bbox 527 2066 657 2119; x_wconf 86' lang='lat' dir='ltr'>foret,</span> <span class='ocrx_word' id='word_1_213' title='bbox 681 2066 739 2109; x_wconf 88' lang='lat' dir='ltr'>ad</span> <span class='ocrx_word' id='word_1_214' title='bbox 759 2066 1077 2108; x_wconf 80' lang='lat' dir='ltr'>necessitatem</span> <span class='ocrx_word' id='word_1_215' title='bbox 1107 2081 1207 2124; x_wconf 84' lang='lat' dir='ltr'>quae</span> <span class='ocrx_word' id='word_1_216' title='bbox 1246 2064 1448 2107; x_wconf 80' lang='lat' dir='ltr'>eeclesiae</span> <span class='ocrx_word' id='word_1_217' title='bbox 1482 2064 1692 2107; x_wconf 88' lang='lat' dir='ltr'>immine-</span> 
     </span>
     <span class='ocr_line' id='line_1_29' title="bbox 189 2133 1690 2193; baseline -0.003 -14"><span class='ocrx_word' id='word_1_218' title='bbox 189 2136 284 2189; x_wconf 81' lang='lat' dir='ltr'>hat,</span> <span class='ocrx_word' id='word_1_219' title='bbox 337 2135 476 2178; x_wconf 87' lang='lat' dir='ltr'>verba</span> <span class='ocrx_word' id='word_1_220' title='bbox 524 2134 753 2187; x_wconf 85' lang='lat' dir='ltr'>transtuli,</span> <span class='ocrx_word' id='word_1_221' title='bbox 799 2139 844 2177; x_wconf 91' lang='lat' dir='ltr'>et</span> <span class='ocrx_word' id='word_1_222' title='bbox 888 2135 991 2192; x_wconf 89' lang='lat' dir='ltr'>quia</span> <span class='ocrx_word' id='word_1_223' title='bbox 1032 2150 1222 2193; x_wconf 86' lang='lat' dir='ltr'>persona</span> <span class='ocrx_word' id='word_1_224' title='bbox 1260 2133 1545 2192; x_wconf 85' lang='lat' dir='ltr'>pontificatui</span> <span class='ocrx_word' id='word_1_225' title='bbox 1587 2138 1690 2191; x_wconf 87' lang='lat' dir='ltr'>apta</span> 
     </span>
     <span class='ocr_line' id='line_1_30' title="bbox 190 2202 1693 2261; baseline -0.002 -14"><span class='ocrx_word' id='word_1_226' title='bbox 190 2220 282 2247; x_wconf 91' lang='lat' dir='ltr'>non</span> <span class='ocrx_word' id='word_1_227' title='bbox 335 2209 473 2258; x_wconf 89' lang='lat' dir='ltr'>esset,</span> <span class='ocrx_word' id='word_1_228' title='bbox 542 2203 710 2246; x_wconf 90' lang='lat' dir='ltr'>ibidem</span> <span class='ocrx_word' id='word_1_229' title='bbox 768 2203 1088 2261; x_wconf 88' lang='lat' dir='ltr'>compendiose</span> <span class='ocrx_word' id='word_1_230' title='bbox 1140 2202 1379 2245; x_wconf 85' lang='lat' dir='ltr'>subnexui.</span> <span class='ocrx_word' id='word_1_231' title='bbox 1438 2203 1693 2259; x_wconf 82' lang='lat' dir='ltr'>Interrogat</span> 
     </span>
     <span class='ocr_line' id='line_1_31' title="bbox 190 2271 1694 2338; baseline -0.003 -22"><span class='ocrx_word' id='word_1_232' title='bbox 190 2273 399 2332; x_wconf 81' lang='lat' dir='ltr'>denique,</span> <span class='ocrx_word' id='word_1_233' title='bbox 435 2288 549 2331; x_wconf 90' lang='lat' dir='ltr'>quos</span> <span class='ocrx_word' id='word_1_234' title='bbox 593 2272 779 2315; x_wconf 82' lang='lat' dir='ltr'>haberet</span> <span class='ocrx_word' id='word_1_235' title='bbox 821 2273 1029 2338; x_wconf 52' lang='lat' dir='ltr'>ori-lines,</span> <span class='ocrx_word' id='word_1_236' title='bbox 1069 2287 1203 2329; x_wconf 91' lang='lat' dir='ltr'>quem</span> <span class='ocrx_word' id='word_1_237' title='bbox 1236 2271 1565 2314; x_wconf 84' lang='lat' dir='ltr'>subdiaconum</span> <span class='ocrx_word' id='word_1_238' title='bbox 1602 2271 1694 2313; x_wconf 86' lang='lat' dir='ltr'>fore</span> 
     </span>
    </p>
   </div>
   <div class='ocr_carea' id='block_1_4' title="bbox 152 2339 1689 2403">
    <p class='ocr_par' dir='ltr' id='par_1_5' title="bbox 152 2339 1689 2403">
     <span class='ocr_line' id='line_1_32' title="bbox 152 2339 1689 2403; baseline -0.003 -18"><span class='ocrx_word' id='word_1_239' title='bbox 152 2399 156 2403; x_wconf 93' lang='lat'>.</span> <span class='ocrx_word' id='word_1_240' title='bbox 190 2341 418 2400; x_wconf 89' lang='lat' dir='ltr'>respondi.</span> <span class='ocrx_word' id='word_1_241' title='bbox 455 2341 630 2384; x_wconf 89' lang='lat' dir='ltr'>Deinde</span> <span class='ocrx_word' id='word_1_242' title='bbox 673 2341 834 2399; x_wconf 81' lang='lat' dir='ltr'>quaerit</span> <span class='ocrx_word' id='word_1_243' title='bbox 872 2341 918 2383; x_wconf 90' lang='lat' dir='ltr'>in</span> <span class='ocrx_word' id='word_1_244' title='bbox 960 2356 1048 2398; x_wconf 89' lang='lat' dir='ltr'>qua</span> <span class='ocrx_word' id='word_1_245' title='bbox 1085 2340 1274 2383; x_wconf 85' lang='lat' dir='ltr'>ecclesia</span> <span class='ocrx_word' id='word_1_246' title='bbox 1305 2340 1610 2389; x_wconf 82' lang='lat' dir='ltr'>militaverat;</span> <span class='ocrx_word' id='word_1_247' title='bbox 1643 2339 1689 2381; x_wconf 92' lang='lat' dir='ltr'>in</span> 
     </span>
    </p>
   </div>
   <div class='ocr_carea' id='block_1_5' title="bbox 191 2408 1695 2605">
    <p class='ocr_par' dir='ltr' id='par_1_6' title="bbox 191 2408 1695 2605">
     <span class='ocr_line' id='line_1_33' title="bbox 191 2408 1694 2469; baseline -0.002 -16"><span class='ocrx_word' id='word_1_248' title='bbox 191 2427 280 2469; x_wconf 95' lang='lat' dir='ltr'>quo</span> <span class='ocrx_word' id='word_1_249' title='bbox 316 2410 497 2453; x_wconf 89' lang='lat' dir='ltr'>mentiri</span> <span class='ocrx_word' id='word_1_250' title='bbox 536 2410 707 2462; x_wconf 75' lang='lat' dir='ltr'>veritus</span> <span class='ocrx_word' id='word_1_251' title='bbox 744 2410 868 2462; x_wconf 74' lang='lat' dir='ltr'>haesi,</span> <span class='ocrx_word' id='word_1_252' title='bbox 913 2409 990 2452; x_wconf 88' lang='lat' dir='ltr'>sed</span> <span class='ocrx_word' id='word_1_253' title='bbox 1035 2425 1060 2451; x_wconf 89' lang='lat' dir='ltr'>a</span> <span class='ocrx_word' id='word_1_254' title='bbox 1095 2409 1205 2451; x_wconf 86' lang='lat' dir='ltr'>meis</span> <span class='ocrx_word' id='word_1_255' title='bbox 1249 2409 1357 2450; x_wconf 86' lang='lat' dir='ltr'>mihi</span> <span class='ocrx_word' id='word_1_256' title='bbox 1397 2408 1694 2451; x_wconf 85' lang='lat' dir='ltr'>coabbatibus</span> 
     </span>
     <span class='ocr_line' id='line_1_34' title="bbox 192 2477 1695 2538; baseline -0.003 -16"><span class='ocrx_word' id='word_1_257' title='bbox 192 2484 459 2538; x_wconf 78' lang='lat' dir='ltr'>suggestum</span> <span class='ocrx_word' id='word_1_258' title='bbox 483 2483 568 2533; x_wconf 87' lang='lat' dir='ltr'>est,</span> <span class='ocrx_word' id='word_1_259' title='bbox 598 2479 721 2537; x_wconf 91' lang='lat' dir='ltr'>quod</span> <span class='ocrx_word' id='word_1_260' title='bbox 743 2478 788 2520; x_wconf 89' lang='lat' dir='ltr'>in</span> <span class='ocrx_word' id='word_1_261' title='bbox 823 2477 1180 2534; x_wconf 84' lang='lat' dir='ltr'>Rothomagensi</span> <span class='ocrx_word' id='word_1_262' title='bbox 1210 2477 1415 2530; x_wconf 85' lang='lat' dir='ltr'>ecclesia,</span> <span class='ocrx_word' id='word_1_263' title='bbox 1440 2477 1516 2519; x_wconf 90' lang='lat' dir='ltr'>ubi</span> <span class='ocrx_word' id='word_1_264' title='bbox 1543 2482 1695 2519; x_wconf 88' lang='lat' dir='ltr'>tamen</span> 
     </span>
     <span class='ocr_line' id='line_1_35' title="bbox 193 2545 1695 2605; baseline -0.002 -14"><span class='ocrx_word' id='word_1_265' title='bbox 193 2563 248 2595; x_wconf 86' lang='lat' dir='ltr'>ex</span> <span class='ocrx_word' id='word_1_266' title='bbox 270 2564 377 2591; x_wconf 89' lang='lat' dir='ltr'>vero</span> <span class='ocrx_word' id='word_1_267' title='bbox 404 2545 703 2605; x_wconf 55' lang='lat' dir='ltr'>addidi,&#39;quia</span> <span class='ocrx_word' id='word_1_268' title='bbox 726 2547 810 2589; x_wconf 93' lang='lat' dir='ltr'>hoc</span> <span class='ocrx_word' id='word_1_269' title='bbox 847 2562 1005 2604; x_wconf 89' lang='lat' dir='ltr'>nuper.</span> <span class='ocrx_word' id='word_1_270' title='bbox 1036 2546 1110 2588; x_wconf 84' lang='lat' dir='ltr'>Ad</span> <span class='ocrx_word' id='word_1_271' title='bbox 1145 2551 1398 2589; x_wconf 81' lang='lat' dir='ltr'>extremuni</span> <span class='ocrx_word' id='word_1_272' title='bbox 1447 2545 1597 2597; x_wconf 89' lang='lat' dir='ltr'>infert,</span> <span class='ocrx_word' id='word_1_273' title='bbox 1639 2561 1695 2588; x_wconf 90' lang='lat' dir='ltr'>an</span> 
     </span>
    </p>
   </div>
   <div class='ocr_carea' id='block_1_6' title="bbox 236 2757 1446 2843">
    <p class='ocr_par' dir='ltr' id='par_1_7' title="bbox 236 2757 1446 2843">
     <span class='ocr_line' id='line_1_36' title="bbox 236 2757 851 2792; baseline -0.003 -1"><span class='ocrx_word' id='word_1_274' title='bbox 236 2763 266 2792; x_wconf 87' lang='lat'>1.</span> <span class='ocrx_word' id='word_1_275' title='bbox 291 2759 519 2792; x_wconf 66' lang='lat' dir='ltr'>C&#39;est-a-dire</span> <span class='ocrx_word' id='word_1_276' title='bbox 541 2757 654 2791; x_wconf 75' lang='lat' dir='ltr'>latino</span> <span class='ocrx_word' id='word_1_277' title='bbox 675 2767 851 2790; x_wconf 86' lang='lat' dir='ltr'>sermone.</span> 
     </span>
     <span class='ocr_line' id='line_1_37' title="bbox 236 2799 1446 2843; baseline -0.003 -9"><span class='ocrx_word' id='word_1_278' title='bbox 236 2806 266 2834; x_wconf 88' lang='lat'>2.</span> <span class='ocrx_word' id='word_1_279' title='bbox 289 2802 435 2841; x_wconf 79' lang='lat' dir='ltr'>Joann.,</span> <span class='ocrx_word' id='word_1_280' title='bbox 454 2802 550 2841; x_wconf 83' lang='lat' dir='ltr'>XIX,</span> <span class='ocrx_word' id='word_1_281' title='bbox 569 2805 628 2832; x_wconf 78' lang='lat'>35:</span> <span class='ocrx_word' id='word_1_282' title='bbox 650 2814 664 2829; x_wconf 92' lang='lat'>«</span> <span class='ocrx_word' id='word_1_283' title='bbox 682 2801 725 2832; x_wconf 84' lang='lat' dir='ltr'>Et</span> <span class='ocrx_word' id='word_1_284' title='bbox 743 2801 805 2843; x_wconf 83' lang='lat' dir='ltr'>qui</span> <span class='ocrx_word' id='word_1_285' title='bbox 822 2801 925 2838; x_wconf 79' lang='lat' dir='ltr'>vidit,</span> <span class='ocrx_word' id='word_1_286' title='bbox 947 2800 1197 2831; x_wconf 77' lang='lat' dir='ltr'>testimonium</span> <span class='ocrx_word' id='word_1_287' title='bbox 1217 2799 1414 2840; x_wconf 79' lang='lat' dir='ltr'>perhibuit.</span> <span class='ocrx_word' id='word_1_288' title='bbox 1433 2812 1446 2826; x_wconf 77' lang='grc' dir='ltr'>υ</span> 
     </span>
    </p>
   </div>
  </div>
 </body>
</html>
