1930 3224
567 226 667 256 VEN.
703 226 896 255 (ιιιιΒΕιιτι
932 217 1034 256 vrr‘AE
1066 227 1186 255 Lmen
1221 227 1261 254 ιιι
1568 213 1651 255 199

151 326 435 386 multamque
463 326 719 385 pecuniam,
751 326 980 369 residuum
1005 326 1248 384 promiscui
1278 342 1414 369 sexus
1441 331 1484 368 et
1500 327 1650 370 diver-

148 411 212 439 sae
241 395 390 438 aetatis
432 395 614 452 vulgus,
662 395 894 438 cohortem
929 400 1065 447 certe,
1107 410 1207 453 quac
1241 394 1319 437 illo
1365 395 1646 453 confugerat,

150 463 394 523 plurimam
420 464 466 506 in
491 463 679 506 ecclesia
706 455 990 506 concremata
1022 464 1255 507 cremavit.
1297 463 1419 506 Inter
1444 464 1649 522 captivos

149 538 302 576 autem
324 532 526 591 quidam,
556 532 634 591 qui
659 532 787 590 panis
807 532 985 574 emendi
1011 532 1154 589 gratia
1186 532 1231 574 in
1258 532 1415 574 villam
1443 538 1643 586 venerat,

150 601 392 644 heremita⁸
413 606 572 659 captus
595 606 699 643 ante
727 617 829 643 eum
848 600 1095 644 ducebatur
1116 613 1124 644 :
1153 606 1247 643 erat
1263 617 1369 643 vero
1385 601 1645 654 imminens,

149 669 368 728 postridie
395 669 582 718 scilicet,
619 662 786 711 festum
811 669 929 712 beati
951 669 1135 712 Martini
1151 669 1178 712 ¹.
1210 669 1414 727 Cumque
1438 670 1649 713 flebiliter

149 738 443 782 inclamasset
463 738 521 780 ad
541 738 776 787 Thomam,
803 736 933 794 cujus
962 738 1254 795 professionis
1289 743 1425 791 esset,
1458 754 1543 796 qua
1567 755 1647 797 pro

147 822 282 850 causa
309 822 362 860 eo
388 806 661 859 devenisset,
689 802 850 849 saltem
874 822 953 865 pro
984 806 1150 848 honore
1175 807 1318 850 sancti
1344 807 1527 849 Martini
1562 808 1647 850 sibi

148 875 474 929 miseresceret,
504 875 596 927 ille,
626 891 649 917 e
674 875 835 932 vagina
859 875 1052 933 pugione
1073 880 1299 933 exemptO,
1331 875 1453 933 ejus¹²
1474 876 1648 933 trajecit

145 948 306 1003 pectus
332 949 377 988 et
399 944 589 996 viscera,
617 962 636 983 «
662 943 847 1001 Accipe,
878 944 1048 997 dicens,
1071 949 1252 1002 propter
1273 949 1477 987 sanctum
1490 945 1646 987 Marti-

146 1029 258 1057 num
286 1031 326 1056 ».
1047 1019 1049 1021 '

205 1085 453 1144 Leprosum
509 1084 675 1142 pariter
717 1085 881 1126 carceri
924 1088 1132 1128 truserat.
1189 1084 1319 1136 Quod
1365 1084 1646 1142 elephantio-

144 1154 330 1198 sorum²
352 1153 694 1211 provincialium
718 1158 861 1196 coetus
884 1152 1087 1203 audiens,
1113 1153 1289 1195 obsedit
1307 1154 1487 1210 tyranni
1509 1153 1642 1207 fores,

143 1222 448 1275 conclamans,
482 1227 534 1265 ut
560 1221 647 1264 sibi
667 1222 816 1264 socius
837 1221 1116 1274 redderetur3
1141 1222 1307 1280 quibus
1338 1222 1432 1279 ipse
1455 1223 1645 1264 commi-

143 1296 277 1335 natus
302 1295 387 1345 est,
420 1291 507 1333 nisi
540 1290 814 1343 recederent,
854 1305 901 1332 se
940 1291 1070 1332 vivos
1103 1291 1409 1334 incensurum.
1452 1291 1508 1333 Et
1541 1306 1644 1333 cum

143 1360 288 1404 territi
305 1359 606 1418 aufugissent,
634 1359 680 1401 in
707 1364 805 1402 tuto
828 1359 982 1416 positi,
999 1364 1044 1401 et
1065 1375 1118 1401 ex
1142 1359 1323 1416 regione
1338 1359 1516 1417 'pariter
1541 1375 1644 1402 con-

141 1428 331 1488 globati,
380 1429 526 1471 Deum
565 1443 700 1486 super
733 1444 785 1470 eo
820 1428 866 1470 in
902 1427 1141 1475 vindicem¹
1165 1428 1509 1486 compellantes,
1547 1429 1643 1486 pari

141 1513 252 1542 voce
287 1497 438 1541 elatis⁶
460 1497 506 1540 ih
550 1498 691 1540 altum
728 1496 916 1539 vocibus
956 1496 997 1539 ei
1023 1497 1371 1539 maledixerunt.
1419 1497 1644 1554 Leprosus

141 1571 294 1611 autem
331 1566 452 1610 idem
483 1566 529 1608 in
562 1566 730 1624 poenali
756 1581 932 1608 carcere
959 1565 1077 1607 diem
1115 1565 1292 1608 clausit.
1333 1566 1498 1608 Mulier
1535 1582 1644 1623 quo—

138 1651 224 1696 que
249 1642 489 1695 praegnans
509 1635 738 1693 ergastulo
760 1634 919 1677 itidem
940 1634 1138 1691 relegata
1167 1634 1334 1676 ibidem
1359 1635 1546 1677 interiit.

196 1704 393 1758 Quidam
415 1704 470 1747 de
491 1704 682 1762 captivis
704 1703 876 1745 tardius
897 1703 1198 1760 expediebant
1232 1703 1331 1756 iter,
1362 1703 1528 1761 quibus
1556 1703 1640 1745 sub

137 1773 254 1816 collo
274 1789 350 1816 eas
370 1788 483 1831 quas
500 1772 704 1815 vocitant
727 1772 909 1814 canolas
942 1772 1209 1829 praecipiens
1246 1771 1478 1830 perforari,
1519 1772 1640 1814 senis

135 1858 309 1896 eorum,
335 1842 382 1884 ni
399 1841 546 1894 fallor,
576 1846 654 1883 aut
671 1841 869 1898 quinque
891 1840 1022 1882 funes
1049 1840 1152 1882 fecit
1176 1841 1330 1894 inseri,
1367 1841 1522 1899 sicque
1556 1841 1641 1883 sub

135 1911 252 1956 truci
272 1910 456 1969 angaria
481 1910 729 1969 proficisci:
755 1909 832 1968 qui
853 1914 959 1967 post
976 1909 1213 1966 paululum
1235 1909 1279 1950 in
1302 1910 1506 1952 custodia
1535 1914 1642 1952 sunt

136 1980 353 2024 defuncti.
385 1979 504 2032 Quid
524 1978 659 2021 verba
686 1978 990 2036 protrahimus
1005 1979 1025 2021 ’ἲ
1053 1978 1103 2020 In
1140 1978 1218 2020 illo
1244 1979 1427 2035 negotio
1453 1978 1641 2036 triginta

137 2049 262 2092 solus
283 2048 491 2091 homines
512 2047 692 2106 proprio
719 2062 825 2089 ense
843 2046 1048 2105 peremit.

196 2118 261 2161 At
287 2132 478 2177 noverca
499 2133 596 2169 sua,
622 2115 782 2158 videns
808 2115 947 2158 tantis
974 2115 1205 2158 hominem
1226 2116 1423 2158 inserere
1448 2132 1495 2159 se
1523 2117 1640 2174 peri-

135 2186 267 2240 culis,
290 2185 420 2229 avida
446 2185 694 2244 perimendi
725 2200 845 2237 eum,
874 2185 1058 2227 mandat
1091 2185 1393 2237 vicedomino,
1435 2190 1483 2227 ut
1517 2186 1637 2227 Tho—

134 2271 220 2298 mae
246 2255 474 2298 subtiliter
496 2269 715 2297 excursus
738 2252 963 2296 observet.
989 2253 1077 2306 Qui
1099 2269 1203 2296 cum
1227 2253 1357 2296 illum
1378 2254 1529 2296 nescio
1551 2270 1638 2312 qua

132 2329 316 2367 euntem
354 2328 484 2366 nocte
521 2323 719 2381 quadam
754 2321 1122 2364 circumfudisset
1161 2323 1355 2376 insidiis,
1397 2322 1637 2365 confossus

133 2393 337 2436 membra
354 2392 635 2450 vulneribus,
662 2391 798 2433 etiam
819 2390 865 2432 in
887 2388 1057 2448 poplite
1079 2391 1283 2434 lanceam
1302 2392 1447 2434 hostis
1481 2392 1638 2449 pedes-

133 2461 217 2504 tris
234 2461 422 2520 accepit.
451 2460 556 2513 Qui,
582 2466 686 2502 cum
712 2459 840 2511 aliaS,
866 2465 964 2502 tum
988 2460 1034 2502 in
1057 2460 1266 2517 geniculo
1291 2460 1532 2502 durissime
1556 2460 1635 2502 1εο-

135 2546 229 2584 sus,
256 2530 394 2573 vellet
421 2529 580 2582 nollet,
604 2545 627 2571 a
652 2533 800 2586 coepto
825 2529 958 2572 desiit
976 2528 1011 2572 ‘¹.

174 2635 208 2657 a.
226 2625 378 2658 eremita
398 2625 474 2664 Du..
497 2625 541 2657 D.
559 2643 597 2647 —
616 2624 651 2656 b.
667 2625 768 2656 Corr.
794 2625 838 2656 de
865 2625 892 2656 B
911 2624 995 2665 (Du,
1018 2625 1077 2661 D).
1104 2624 1213 2666 cujus
1232 2625 1274 2656 X.
1307 2643 1345 2647 —
1367 2636 1396 2656 c.
1425 2624 1507 2656 latis
1525 2624 1570 2655 D.
1599 2643 1638 2647 ——

137 2675 172 2708 d.
192 2675 301 2708 rediit
319 2675 389 2708 Du.

177 2811 206 2882 ἑ.
233 2811 266 2840 11
290 2808 488 2881 pgvembre
508 2809 626 2849 [1113].
643 2808 696 2840 Cf.
714 2808 900 2846 Luchairc,
922 2807 1093 2847 Annales,
1113 2815 1150 2838 n⁰
1178 2812 1245 2842 169,
1267 2819 1300 2848 p.
1320 2811 1370 2839 86.

200 2876 206 2882 .
232 2864 271 2878 Σ
305 2870 315 2880 ι
339 2860 462 2892 ΡΓΘΠΧ.
