1930 3224
555 287 654 317 VEN.
689 286 883 316 Gulssssnrl
917 287 1023 316 vrrAE
1055 287 1177 316 mmm
1210 287 1253 315 111
1558 274 1634 316 184

133 390 266 435 tuosa
291 401 424 440 uxor,
456 401 559 429 cum
579 386 675 444 jam
701 386 787 429 sub
810 387 959 444 specie
991 386 1281 429 eontinentiae
1317 401 1398 444 pro
1435 387 1560 429 senio
1599 392 1644 430 et

134 454 335 513 corporis
381 454 502 497 mole
543 460 860 514 aspernaretur
916 455 1257 513 Ingelrannum,
1307 455 1451 497 veteri
1490 460 1641 498 tamen

132 523 410 566 amasiorum
429 539 512 567 usu
545 539 694 566 carere
718 539 808 566 non
828 528 1020 582 poterat.
1057 524 1189 568 Unde
1225 528 1270 566 et
1299 523 1515 581 juvenem
1548 523 1643 566 ido-

78 589 82 593 *
137 607 274 636 neum
304 607 408 635 cum
445 597 634 645 amaret,
675 597 719 635 et
750 607 849 635 eam
891 593 1189 650 Ingelrannus
1224 592 1280 635 ab
1325 593 1423 651 ejus
1459 593 1642 634 omnino

135 659 499 704 confabulatione
522 666 710 714 arceret,
744 661 884 704 tantis
915 665 1098 719 repente
1139 661 1370 703 hominem
1406 660 1643 704 lenociniis

135 729 432 783 dementavit,
457 734 507 772 ut
524 745 627 772 eum
654 729 711 772 ad
731 745 778 772 se
795 730 1050 783 accersiret,
1074 730 1120 772 in
1147 730 1281 772 domo
1306 745 1387 772 sua
1405 734 1638 783 statueret,

137 797 310 841 ‘filiam
332 813 462 841 suam
487 799 724 856 parvulam
744 798 755 827 ¹
778 799 835 841 ad
855 798 1108 856 palliandos
1127 814 1302 841 amores
1323 798 1519 841 nefarios
1539 813 1643 856 pac-

136 866 198 911 tis
241 866 531 925 sponsalibus
566 866 709 920 daret,
755 866 1128 924 defensoremque
1173 873 1304 910 terrae
1349 883 1441 909 suae
1487 871 1642 909 contra

138 935 377 989 Thomam,
400 951 535 994 quem
556 935 948 978 irremediabiliter
976 935 1089 993 ipse,
1122 936 1200 994 qui
1231 935 1464 978 dicebatur
1497 940 1639 993 pater,

137 1005 310 1060 oderat,
333 1008 379 1047 et
404 1019 538 1062 quem
564 1020 749 1062 prorsus
773 1005 1057 1047 exhaeredare
1073 1004 1093 1031 ¹³
1116 1004 1314 1058 volebat,
1345 1004 1526 1047 faceret.
1553 1003 1642 1046 Iste

137 1089 242 1116 cum
267 1088 317 1116 ea
344 1073 618 1131 tempestate
652 1071 879 1115 Codiciaci
915 1078 1050 1127 esset,
1087 1077 1131 1115 et
1166 1073 1344 1115 hostem
1381 1088 1428 1115 se
1459 1073 1643 1114 Thomae

135 1141 339 1185 futurum
362 1141 573 1184 omnibus
595 1142 740 1183 modis
761 1141 1024 1195 declararet,
1049 1157 1211 1184 census
1235 1142 1251 1169 ‘2
1277 1146 1429 1184 tamen
1464 1141 1643 1183 deesset

135 1210 257 1254 unde
281 1214 408 1253 tanta
429 1215 739 1268 praesumeret,
766 1210 929 1252 accidit
953 1210 993 1252 ei
1015 1210 1150 1268 hujus
1171 1209 1363 1252 fortunae
1385 1225 1639 1252 successuS.

197 1278 452 1322 Audientes
469 1283 622 1321 autem
647 1279 944 1336 Ingelrannus
965 1283 1010 1321 et
1033 1279 1181 1321 Guido
1201 1278 1283 1336 (sic
1305 1278 1425 1320 enim
1450 1277 1643 1320 vocaba-

138 1346 230 1406 tur)
275 1347 494 1390 Thomam
537 1346 592 1390 ab
625 1347 735 1389 urbe
765 1347 1021 1404 digressum
1061 1348 1371 1406 populumque
1416 1351 1640 1400 secutum,

137 1416 408 1460 Laudunum
435 1416 618 1469 adeunt,
643 1416 740 1458 sine
774 1416 1034 1459 hominibus
1069 1417 1230 1458 domos
1273 1416 1398 1458 omni
1436 1416 1642 1458 ubertate

137 1485 328 1528 refertas
349 1485 604 1528 inveniunt.
630 1484 832 1537 Quorum
858 1489 983 1528 tanta
1006 1485 1134 1543 copia
1159 1485 1258 1538 fuit,
1283 1490 1350 1538 ut,
1378 1485 1416 1526 si
1436 1490 1566 1527 caute
1586 1484 1643 1527 ab

137 1554 194 1601 iis
213 1554 292 1612 qui
329 1558 552 1612 praeerant
592 1553 911 1605 custodiretur,
957 1569 1012 1596 ne
1056 1554 1243 1612 prodige
1277 1570 1302 1596 a
1343 1554 1553 1611 parasitis
1592 1569 1643 1596 ac

135 1622 312 1666 furibus
331 1622 658 1675 detraheretur,
691 1622 858 1665 frustra
884 1623 1102 1665 adversus
1134 1623 1402 1680 praedictum
1426 1623 1643 1680 juvenem

135 1691 532 1735 exterminandum
548 1691 782 1745 niteretur,
809 1707 953 1749 neque
974 1691 1070 1749 ipse
1096 1691 1236 1733 ullam
1255 1691 1301 1733 in
1326 1691 1417 1733 vita
1440 1706 1519 1736 sua
1548 1691 1644 1733 ino-

136 1760 258 1818 piam
284 1764 554 1818 patereturc.
584 1759 696 1812 Quis
725 1760 847 1802 enim
881 1760 1016 1813 dicat,
1040 1765 1118 1802 aut
1144 1760 1299 1802 dicens
1327 1759 1463 1802 fidem
1491 1759 1640 1813 faciat,

135 1828 245 1887 quid
266 1828 575 1887 pecuniarum,
602 1828 712 1887 quid
733 1828 944 1880 vestium,
960 1828 1069 1886 quid
1095 1829 1141 1870 in
1162 1828 1445 1886 omnispecie
1468 1828 1644 1871 victua-

136 1897 250 1940 lium
270 1897 334 1940 ibi
353 1897 413 1940 sit
438 1898 706 1954 repertum?
730 1897 846 1940 Cum
872 1897 993 1939 enim
1019 1897 1188 1939 rustica
1216 1912 1377 1939 manus
1407 1902 1451 1939 et
1481 1896 1645 1938 subur-

136 1965 257 2019 bani,
281 1965 391 2024 quin
411 1965 547 2008 etiam
567 1965 897 2008 Montiacutani
929 1970 973 2008 et
1003 1966 1375 2024 Petripontenses
1396 1966 1428 2019 3,
1453 1964 1645 2008 Ferani4

134 2050 316 2094 quoque
342 2035 430 2077 huc
441 2033 664 2087 venerint,
683 2039 926 2092 antequam
939 2033 1323 2088 Codiciacenses‘l,
1339 2034 1503 2076 mirum
1519 2034 1645 2076 dictu

136 2105 237 2148 est!
277 2103 387 2162 quid
431 2103 603 2162 priores
638 2103 911 2156 invenerint,
952 2103 1061 2161 quid
1100 2103 1302 2156 tulerint,
1354 2119 1457 2146 cum
1499 2102 1645 2145 nostri

133 2172 408 2224 recentiores
425 2172 740 2215 eumetardius
761 2171 1070 2225 advenissent,
1090 2172 1257 2214 munda
1277 2172 1429 2214 omnia
1450 2177 1494 2215 et
1512 2172 1642 2230 quasi

134 2241 310 2285 illibata
336 2257 383 2284 se
410 2240 630 2298 reperisse
648 2240 921 2299 jactaverint
942 2242 962 2283 ?
986 2241 1074 2284 Sed
1099 2241 1207 2300 quid
1243 2241 1373 2298 pensi
1403 2256 1454 2282 ac
1487 2239 1643 2282 mode-

134 2311 222 2354 rati
241 2310 363 2368 apud
391 2309 626 2352 helluones
657 2314 701 2352 et
728 2311 941 2352 scurras?
976 2310 1146 2352 Vinum
1187 2314 1232 2352 et
1273 2309 1473 2352 triticum
1513 2308 1643 2366 quasi

137 2379 421 2438 repertitium
445 2393 536 2421 non
563 2377 759 2421 habebat
779 2378 1020 2436 preciums,
1045 2383 1090 2421 et
1113 2394 1216 2421 cum
1243 2378 1358 2421 tales
1386 2393 1477 2420 non
1504 2377 1643 2420 habe-

175 2511 210 2534 a.
226 2502 261 2533 et
272 2501 343 2534 Du,
361 2518 403 2524 -
415 2499 450 2533 b.
471 2483 693 2532 exheredare
712 2500 780 2532 Du.
799 2518 840 2523 —
852 2510 881 2531 c.
900 2500 965 2531 Fin
983 2501 1031 2531 du
1050 2503 1082 2532 4⁶
1097 2510 1249 2542 passage
1261 2501 1305 2532 de
1320 2501 1389 2532 Du.
1405 2518 1447 2523 —
1465 2499 1499 2531 d.
1518 2499 1644 2532 Cedia-

136 2553 261 2576 eenses
279 2543 325 2575 D.
349 2561 391 2566 —
408 2552 438 2575 e.
458 2552 614 2583 manque
639 2541 684 2574 D.
705 2541 781 2582 -Γ,
797 2542 962 2583 pretium
976 2542 1021 2574 D.

178 2679 209 2707 1.
234 2675 334 2707 Nous
351 2684 396 2706 ne
414 2684 547 2707 savons
566 2674 641 2705 rien
666 2684 735 2715 quc
759 2683 799 2705 ce
823 2683 892 2715 que
919 2674 974 2706 dit
993 2674 1040 2706 ici
1065 2674 1219 2706 Guibert
1245 2685 1306 2705 sur
1330 2676 1426 2706 cette
1446 2674 1516 2706 fille
1534 2674 1641 2705 d'En-

135 2717 407 2791 gug.r2ngonds
424 2768 469 2790 en
486 2760 624 2798 argent.

178 2804 210 2832 3.
234 2800 463 2841 Pierrepont.
483 2799 528 2830 de
558 2825 565 2832 .
584 2800 629 2830 de
647 2799 796 2839 l’Aisne,
816 2809 885 2831 arr.
908 2799 951 2830 de
971 2799 1081 2839 Laon,
1101 2802 1197 2832 cant.
1218 2801 1262 2831 de
1285 2799 1410 2831 Marlc.

179 2844 210 2875 4.
236 2842 285 2874 La
299 2841 402 2881 Fere,
426 2841 508 2883 dep.
553 2851 572 2872 e
590 2841 740 2880 l'Aisne,
758 2851 826 2873 arr.
843 2841 887 2872 de
903 2840 1013 2881 Laon,
1036 2841 1136 2873 ch.-l.
1156 2842 1199 2873 dc
1218 2843 1363 2873 canton.
