1930 3224
562 224 663 253 VEN.
699 223 892 253 GUlBERTl
926 224 1032 254 vim:
1063 224 1184 253 LIBER
1217 225 1262 252 111
1574 211 1652 254 231

158 332 260 370 cum
287 322 537 381 oppidanos
559 322 832 366 reddidisset
854 323 1109 381 ambiguos,
1136 323 1193 366 ad
1212 322 1523 381 probationem
1548 324 1660 380 igni-

156 390 244 434 bus
263 395 335 434 est
359 391 594 450 injectum,
621 392 700 434 sed
721 392 883 435 exinde
909 390 1030 434 saltu
1049 391 1199 434 subito
1220 395 1288 434 est
1303 397 1522 450 ereptum.
1549 391 1658 434 Suc-

156 457 290 524 ciduo
331 459 527 518 denique
577 464 796 518 tempore,
841 459 1026 519 quidam
1063 459 1359 503 consobrinus
1407 475 1551 513 meus,
1605 461 1659 503 de

158 527 296 572 castri
319 528 608 586 primoribus,
635 529 905 586 gravissima
939 534 1009 572 est
1036 528 1246 587 passione
1277 544 1533 586 percussus.
1574 528 1658 572 Cui

158 595 394 640 brachium
420 596 540 640 beati
570 598 782 654 martyris
824 612 926 640 cum
961 597 1121 640 fuisset
1165 597 1410 654 ingestum,
1456 597 1659 640 valitudo

146 665 259 709 “loco
282 681 331 708 se
354 670 537 708 mutans
567 665 624 708 ad
648 656 818 709 tactum
853 666 952 724 ejus
984 666 1134 708 locum
1164 665 1392 711 serebatur
1419 664 1464 707 in
1497 666 1654 709 alium.

159 732 365 792 Cumque
388 734 458 776 vis
477 734 555 777 illa
581 734 834 792 diffugeret,
865 739 910 777 et
932 734 1123 792 fugienti
1149 750 1172 776 e
1197 734 1389 791 vestigio
1415 734 1530 776 sacri
1556 734 1658 776 bra-

155 803 248 846 chii
295 807 442 846 tactus
482 803 728 857 insisteret,
770 804 826 846 ad
862 804 1073 846 ultimum
1105 808 1208 861 post
1239 803 1411 860 aliquot
1447 803 1491 844 in
1527 803 1659 846 vultu

156 871 463 931 membrisque
495 871 741 924 discursus,
769 873 813 914 in
851 873 948 930 ipso
969 872 1118 930 juguli
1145 871 1522 929 scapularumque
1553 887 1658 914 con-

154 940 279 994 finio,
301 945 399 984 tota
421 940 568 983 morbi
588 941 710 983 illius
734 942 951 984 violentia
977 956 1190 997 evagans,
1219 940 1396 982 sublata
1422 940 1656 997 paululum

154 1009 201 1052 in
223 1009 410 1052 modum
433 1010 575 1052 muris
599 1015 716 1064 cute,
741 1010 908 1068 pariter
933 1009 1197 1067 glomerata,
1232 1009 1328 1051 sine
1361 1009 1513 1050 dolore
1541 1009 1657 1050 deli-

152 1078 258 1123 tuit.
281 1077 422 1136 Cujus
441 1079 505 1120 rei
529 1094 663 1121 causa
684 1078 927 1135 quotannis
948 1093 1106 1120 omnes
1123 1077 1325 1130 clericos,
1354 1078 1431 1135 qui
1451 1077 1547 1134 ejus
1572 1077 1658 1118 fes-

85 1187 91 1191 .
153 1147 323 1190 tivitati
355 1147 596 1200 intersunt,
642 1163 694 1190 eo
740 1147 827 1200 die,
870 1147 1018 1204 quoad
1052 1147 1180 1199 vixit,
1219 1146 1470 1188 lautissime
1514 1145 1654 1203 pavit,

156 1215 344 1277 ejusque
382 1217 553 1274 posteri
583 1215 727 1259 facere
760 1215 982 1274 hodieque
1020 1231 1109 1257 non
1145 1215 1372 1257 desinunt.
1404 1214 1535 1266 Quod
1558 1213 1656 1256 bra-

157 1285 308 1328 chium
332 1285 407 1328 avi
429 1285 519 1328 mei
551 1301 641 1328 non
668 1301 795 1337 uxor,
830 1284 909 1327 sed
940 1284 1176 1326 familiaris
1212 1283 1419 1341 quaedam
1458 1283 1514 1324 ad
1544 1283 1658 1325 tales

156 1353 495 1397 usus⁸foemina
523 1354 635 1396 satis
659 1353 802 1396 solers
825 1353 881 1396 ad
906 1353 1122 1395 saeculum
1156 1352 1306 1410 opimo
1339 1367 1447 1393 auro
1495 1351 1658 1408 lapidi-

102 1482 105 1483 7
154 1422 330 1482 busque
350 1422 566 1466 contexit.

213 1491 383 1535 Gusia¹
417 1491 550 1549 hujus
582 1491 897 1534 Laudunensis
936 1490 1041 1548 pagi
1072 1489 1312 1532 castellum
1345 1493 1428 1541 est,
1477 1489 1523 1530 in
1569 1503 1657 1546 quo

154 1559 274 1603 beati
296 1560 475 1603 Arnulfi
501 1559 661 1603 itidem
687 1559 920 1602 brachium
938 1574 1037 1602 esse
1062 1558 1239 1600 dicitur.
1263 1557 1394 1609 Quod
1411 1557 1531 1599 fures
1555 1572 1658 1599 cum

151 1628 325 1688 direpto
349 1629 550 1672 ecclesiae
572 1629 784 1672 thesauro
802 1628 969 1686 pariter
989 1627 1181 1685 diripere
1202 1626 1456 1668 voluissent
1470 1626 1656 1684 jamque

150 1702 374 1751 tenerent,
404 1697 459 1740 de
479 1713 635 1741 eorum
660 1713 759 1739 sese
783 1697 992 1739 manibus
1019 1695 1224 1748 extorsit,
1249 1711 1330 1737 nec
1357 1695 1534 1753 uspiam
1550 1694 1655 1736 ferri

150 1766 314 1825 quivit.
351 1767 449 1809 Hoc
500 1766 586 1824 ipsi
630 1766 768 1818 fures,
808 1781 912 1808 cum
947 1765 1140 1807 residuis
1169 1780 1268 1822 quae
1314 1768 1654 1821 asportaverant

150 1836 435 1895 deprehensi,
467 1835 576 1878 hora
608 1835 722 1893 ipsa,
758 1850 844 1892 qua
880 1839 1007 1876 erant
1031 1833 1246 1876 efferendi
1275 1833 1318 1874 in
1357 1832 1520 1885 furcas,
1551 1847 1656 1874 con-

149 1904 258 1948 fessi
275 1909 397 1948 sunt.
427 1904 478 1947 In
499 1920 622 1957 auro,
645 1920 733 1962 quo
760 1904 907 1962 ipsum
930 1901 1129 1945 c'oliturl’
1153 1902 1404 1954 brachium,
1427 1901 1554 1942 locus
1569 1905 1652 1954 est,

151 1990 241 2033 quo
261 1973 389 2016 nullo
410 1973 689 2016 inclusorum
714 1972 901 2015 artificio
924 1980 1103 2029 gemma
1138 1971 1228 2013 ulla
1260 1970 1408 2028 potuit
1438 1969 1651 2012 cohiberi.

151 2043 327 2086 Inserta
347 2041 468 2084 enim
504 2057 585 2084 nec
611 2057 733 2084 mora
765 2041 1018 2084 laxabatur.
1055 2040 1232 2082 Mutata
1271 2054 1374 2081 cum
1410 2038 1585 2096 opifice,
1609 2043 1655 2080 et

150 2111 300 2170 opifex
319 2127 370 2154 ac
391 2110 619 2169 opificium
642 2110 905 2153 cassabatur
919 2117 948 2151 ⁰.

209 2180 536 2237 Leodegarium
567 2183 811 2237 martyrem
825 2179 857 2231 2,
874 2178 1017 2236 signis
1040 2177 1288 2235 egregium,
1307 2176 1364 2218 ad
1392 2175 1655 2218 subventio-

148 2265 230 2293 nes
256 2248 448 2292 alacrem
474 2264 565 2290 non
584 2248 827 2290 nescimus.
861 2247 956 2304 Ego
980 2246 1101 2289 enim
1127 2245 1274 2288 adhuc
1306 2245 1454 2303 pusio,
1484 2245 1654 2302 optime

147 2323 300 2362 tamen
323 2318 485 2360 horum
512 2332 699 2370 memor,
728 2316 811 2358 sub
838 2320 980 2358 matre
1004 2330 1143 2372 agens
1169 2314 1328 2356 diebus
1362 2313 1655 2371 paschalibus

145 2386 268 2430 febre
309 2386 571 2444 quotidiana
603 2386 815 2428 atrociter
852 2384 1117 2427 aestuabam.
1163 2383 1257 2426 Sub
1296 2382 1461 2440 oppido
1501 2386 1653 2423 autem

187 2528 208 2550 a
222 2543 229 2550 .
248 2528 403 2559 manque
421 2517 464 2549 D.
485 2535 527 2539 -
546 2516 581 2548 b.
598 2516 698 2547 Corr.
723 2516 767 2547 de
795 2516 836 2547 D.
853 2515 1012 2547 comitur
1029 2515 1069 2546 B.
1090 2532 1132 2537 —
1160 2524 1191 2545 c.
1221 2513 1287 2545 Les
1311 2514 1405 2544 deux
1436 2512 1655 2553 pre'ccdcnts

149 2559 390 2603 paragraphes
409 2561 494 2590 sont
511 2558 717 2599 rcproduits
738 2558 827 2588 dans
852 2558 927 2588 AA.
945 2557 1001 2589 SS.
1022 2556 1130 2594 Bell„
1148 2556 1265 2597 juill„
1287 2555 1347 2588 1V.
1373 2557 1444 2586 401.

190 2730 222 2759 1.
247 2727 372 2765 Guisc,
395 2726 476 2767 dep.
495 2726 539 2757 de
557 2724 705 2763 l'Aisne,
724 2735 794 2756 arr.
813 2725 857 2755 de
876 2724 1044 2762 Vervins,
1057 2723 1154 2755 ch.-l.
1174 2723 1218 2753 de
1236 2725 1381 2754 canton.

191 2773 222 2802 2.
248 2769 350 2800 Saint
371 2768 482 2807 Leger
500 2769 645 2798 mourut
664 2768 695 2798 lc
720 2770 737 2797 2
762 2765 912 2797 octobre
928 2769 987 2796 678
1008 2766 1096 2805 (ΛΑ.
1114 2764 1171 2796 SS.
1192 2764 1300 2803 Ball„
1320 2766 1407 2799 ‹›ct.,
1429 2765 1451 2795 t.
1474 2763 1499 2795 Ι,
1519 2764 1653 2803 palm.
