1930 3224
539 275 642 310 yffi.
678 274 876 305 cummim
909 276 1018 305 vrrAE
1049 275 1171 304 mmm
1204 277 1218 304 1
1577 261 1632 303 49

117 380 229 422 ,sese
242 375 571 421 deliberaverat
581 374 913 420 concessuram.
931 375 1162 419 Extructis
1173 374 1326 433 itaque
1340 374 1452 417 inibi
1466 374 1632 417 aedicu-

52 443 58 451 ”
113 445 189 491 hs
203 460 344 504 prope
364 444 618 497 ecclesiam,
646 443 882 487 'mediante
912 443 1097 502 praefato
1135 443 1354 502 magistro
1389 458 1504 497 me0,
1538 449 1632 486 tan-

46 511 57 529 *
115 513 233 564 -dan
255 529 286 556 a·
306 513 406 556 loco
426 513 474 556 in
505 528 594 572 quo
632 511 894 555 morabatur
926 513 1124 565 emersit,
1164 517 1209 555 et
1255 527 1360 555 cum
1401 512 1537 555 sciret
1561 520 1632 554 nie

41 567 81 626 5⁵3³<
117 594 310 643 ,prorsus
330 582 598 640 orphanum,
616 585 662 624 et
684 581 859 624 nullam
876 582 1061 624 omnino
1082 580 1247 624 habere
1261 580 1346 623 sub
1361 595 1449 639 qua
1464 580 1633 624 niterer

120 654 261 710 opem
295 649 551 709 (parentum
586 650 741 692 enim³
773 654 818 692 et
844 650 1048 693 affinium
1090 650 1333 708 multiplex
1367 654 1463 692 erat
1486 649 1630 707 copia,

51 714 54 715 ⁷
119 724 175 764 :ut
198 721 304 762 vero
333 718 504 773 nullus,
532 719 610 778 qui
629 719 818 778 puerulo
845 718 890 761 in
911 719 1122 762 omnibus
1143 718 1386 762 tenerrimo
1413 734 1494 777 pro
1519 718 1633 760 indi-

118 787 294 848 ·gentiis
313 788 508 846 aeta‘tulae
539 786 762 830 sollic‘itel'
783 803 936 830 curam
961 787 1096 831 ferret
1116 801 1125 831 :
1149 787 1417 830 victualium
1437 787 1560 830 enim
1582 802 1634 830 ac

119 852 496 901 ‚indumentorum
513 856 617 903 etsi
656 861 775 899 esset
822 856 946 900 nul'la
983 856 1246 909 necessitas,
1289 871 1444 899 earum
1478 861 1633 899 tamen

24 974 36 983 .
63 933 66 936 ’
122 924 532 985 providentiarum,
556 940 658 983 quae
671 925 795 968 illius
812 926 898 968 aevi
918 925 1197 984 impotentiae
1217 925 1508 979 conveniunt,
1533 939 1633 983 quae

52 1011 66 1018 ·’
118 993 231 1038 :aine
256 993 456 1037 foeminis
481 993 787 1038 administrari
806 1010 896 1037 non
920 999 1127 1053 possunt,
1152 1009 1223 1037 me
1244 994 1410 1052 saepius
1441 993 1636 1036 vexabat

131 1061 323 1122 inopia),
348 1078 452 1106 cum
474 1078 582 1121 ergo
591 1069 663 1106 me
678 1063 814 1106 sciret
837 1063 908 1106 his
929 1063 1161 1106 addictum
1181 1063 1385 1116 incuriis,
1405 1062 1566 1105 timore
1588 1067 1633 1106 et

123 1146 282 1175 amore
304 1136 399 1186 tuo,
421 1132 559 1185 Deus,
586 1147 667 1175 sua
694 1132 948 1175 obdurante
961 1132 1224 1191 praecordia,
1250 1131 1333 1174 sub
1352 1131 1517 1190 oppido
1535 1131 1629 1185 illo,

126 1199 176 1244 in
199 1215 288 1259 quo
311 1199 548 1259 degebam,
571 1200 680 1243 dum
702 1201 759 1244 ad
778 1201 1046 1260 praedictum
1066 1200 1392 1244 monasterium
1413 1200 1634 1257 demigra-

129 1272 212 1321 ret,
233 1269 478 1312 transitum
500 1269 690 1324 habens,
705 1270 846 1314 tantis
875 1270 1023 1313 cordis
1044 1269 1328 1313 lacerabatur
1352 1269 1555 1323 aestibus,
1582 1274 1634 1312 ut

35 1369 45 1383 s
110 1337 369 1383 'castellum
385 1337 537 1396 ipsum
559 1338 633 1382 vel
653 1339 874 1398 respicere
894 1355 974 1398 pro
994 1343 1221 1382 tormento
1248 1337 1524 1381 intolerabili
1547 1337 1634 1380 sibi

127 1410 249 1450 esset
269 1419 280 1450 ξ
303 1407 591 1450 acerbissima
608 1408 730 1451 enim
747 1408 979 1460 moestitia,
1004 1408 1113 1451 dum
1141 1407 1312 1466 cogitat
1335 1407 1445 1466 quid
1465 1406 1631 1449 ibidem

127 1474 378 1534 reliquerit,
405 1475 710 1521 mordebatur.
734 1477 962 1520 Nimirum
981 1476 1115 1535 plane
1130 1477 1168 1519 si
1179 1476 1323 1519 veluti
1343 1476 1400 1519 ab
1421 1475 1518 1534 ejus
1536 1491 1634 1518 cor—

127 1559 237 1603 pore
252 1543 452 1588 membra
473 1545 655 1604 propria
668 1545 932 1589 viderentur
944 1545 1168 1604 abrumpi,
1191 1561 1294 1588 cum
1314 1545 1631 1604 impiissimam

127 1617 174 1656 et
201 1611 429 1656 crudelem
456 1629 504 1657 se
530 1614 732 1672 profecto
758 1619 1068 1673 cognosceret,
1098 1615 1238 1657 immo
1266 1614 1442 1657 audiret
1463 1614 1630 1667 vocari,

126 1696 228 1741 quae
251 1686 428 1725 tantam
455 1682 674 1738 sobolem,
708 1688 850 1738 tanto,
891 1689 944 1726 ut
975 1683 1222 1738 ferebatur,
1254 1683 1418 1726 affectu
1449 1682 1634 1741 dignam

127 1748 343 1810 (multum
363 1751 486 1794 enim
505 1767 597 1794 non
623 1752 758 1795 modo
780 1768 806 1795 a
830 1750 1125 1806 nostratibus,
1147 1752 1228 1795 sed
1256 1752 1393 1795 etiam
1425 1751 1482 1795 ab
1511 1747 1635 1794 exte-

126 1818 189 1863 ris
207 1819 460 1879 excolebar)
483 1820 544 1863 ita
572 1820 628 1863 ab
652 1821 802 1864 animo
827 1821 1112 1874 exclusisset,
1144 1820 1423 1879 subsidiique
1453 1821 1632 1879 inopem

125 1887 390 1933 dimisisset.
416 1889 476 1932 Et
493 1894 560 1942 tu,
591 1890 714 1933 Deus
731 1890 864 1944 bone,
897 1891 1021 1933 Deus
1045 1891 1139 1949 pie,
1168 1895 1245 1933 tua
1274 1890 1528 1943 dulcedine,
1556 1894 1632 1932 tua

29 1967 31 1970 ⁴
75 1997 77 2002 ,
126 1957 346 2000 caritate⁶
373 1957 501 2016 jecur
539 1958 654 2001 illud
685 1964 806 2002 certe
842 1960 888 2002 in
925 1959 1088 2002 saeculo
1116 1959 1389 2018 piissimum,
1425 1974 1481 2002 ne
1514 1963 1635 2002 esset

127 2030 284 2070 contra
323 2041 372 2069 se
400 2027 543 2086 pium,
582 2028 850 2071 mirabiliter
872 2028 1140 2071 indurueras
1169 2042 1177 2071 :
1203 2033 1359 2071 contra
1391 2043 1438 2071 se
1471 2043 1633 2086 nempe

129 2093 432 2150 mollesceret,
453 2095 508 2150 si,
528 2112 612 2139 nos
636 2112 729 2140 suae
746 2098 884 2140 saluti
903 2097 1164 2155 praeferens,
1187 2098 1270 2140 Dei
1287 2097 1526 2154 negligens
1553 2112 1632 2154 pro

128 2162 278 2218 nobis,
311 2164 542 2208 mundana
589 2171 780 2210 curaret.
817 2166 907 2210 Sed
933 2166 1065 2209 fortis
1092 2166 1177 2209 fuit
1208 2171 1260 2209 ut
1294 2181 1415 2208 mors
1451 2165 1632 2208 dilectio

127 2231 233 2291 quia
250 2232 282 2287 ¹,
303 2248 393 2292 quo
412 2238 456 2276 te
477 2234 638 2278 dilexit
656 2235 871 2289 arctiusd,
896 2241 1022 2279 tanto
1044 2251 1095 2278 ea
1115 2250 1216 2293 quae
1237 2235 1362 2294 prius
1383 2239 1630 2287 amaverat,

127 2299 224 2344 visa
244 2306 314 2345 est
339 2317 363 2345 a
385 2318 434 2346 se
448 2303 684 2362 abrupisse
708 2305 926 2348 securius.

144 2411 198 2434 a.
217 2401 401 2451 siquidem
419 2404 462 2436 D.
475 2421 517 2428 —-
532 2404 565 2436 b.
583 2405 682 2438 Corr.
698 2406 742 2437 dc
759 2406 802 2438 D.
823 2405 992 2437 sollicitae
1008 2406 1047 2438 B.
1063 2424 1104 2428 —
1120 2416 1150 2438 c.
1169 2405 1348 2438 charitate
1366 2406 1411 2436 D.
1422 2423 1462 2428 —
1480 2405 1514 2436 d.
1529 2406 1630 2436 Corr.

0 2421 39 2464 Ἰ
59 2481 63 2485 ‚
130 2441 176 2476 de
198 2443 244 2477 D.
263 2444 382 2477 artius
402 2446 442 2477 B.

128 2534 195 2568 dee
214 2542 260 2568 au
276 2542 341 2568 vu·
362 2536 483 2576 siecle,
505 2536 662 2569 detruitc
693 2548 758 2579 par
782 2538 833 2569 les
859 2538 1064 2569 Normands
1088 2548 1133 2569 en
1162 2541 1235 2577 851,
1262 2540 1299 2570 et
1323 2537 1569 2569 reconstituec
1587 2547 1631 2568 au

128 2585 179 2612 xl·
199 2562 522 2627 siecle(Dache1·‚y
540 2579 667 2618 Notae,
687 2590 722 2621 p.
736 2583 791 2611 601
814 2590 854 2620 sq
880 2579 987 2617 ;Βι1).
1011 2581 1097 2619 nat„
1118 2590 1186 2612 ms.
1206 2581 1266 2612 lat
1288 2583 1388 2611 13890
1411 2578 1513 2620 (Hist.
1536 2589 1630 2611 mon.

128 2621 162 2654 S.
198 2617 386 2654 Gereman
415 2620 572 2653 Flaviae.
578 2621 610 2661 );
647 2620 740 2652 Gall.
774 2590 922 2660 Chr-is't„
951 2623 976 2653 t.
1007 2621 1171 2659 1X,col.
1208 2625 1265 2653 787
1292 2633 1344 2663 sq.
1377 2622 1430 2653 Ct.
1469 2621 1634 2652 Lesevre-

110 2661 309 2702 ‚Pontalis,
336 2655 394 2696 Et.
414 2672 481 2694 sur·
502 2662 533 2695 la
552 2663 634 2695 date
652 2663 695 2694 de
713 2662 849 2705 L’e'ylise
876 2663 919 2695 de
937 2663 1058 2695 saint·
1060 2646 1223 2703 bermer,
1248 2665 1338 2695 dans
1363 2663 1458 2695 Btbl.
1483 2662 1525 2694 de
1546 2654 1631 2694 mc

130 2702 192 2738 dec
218 2705 499 2745 Ghartes‚18›³5,
532 2704 777 2746 t.XLV1,p.
813 2707 891 2736 478-
875 2706 979 2746 -495).
1011 2704 1081 2737 Sur
1106 2705 1211 2738 Saint
1239 2706 1467 2744 Ger-emarus,
1496 2715 1530 2736 v
1554 2705 1629 2736 At.

129 2746 186 2780 SS.
207 2746 316 2786 Bell„
331 2746 559 2788 Septembre,
575 2749 602 2778 t.
622 2746 684 2785 Vl,
733 2750 907 2778 .698-703.

172 2792 203 2820 1.
229 2757 420 2821 Canticum
440 2788 679 2825 canticorum,
744 2788 808 2826 ΙΙΙ,
830 2792 848 2819 6
868 2799 875 2821 z
903 2802 925 2817 ιι·
942 2788 1040 2820 Pone
1059 2800 1114 2821 me
1139 2791 1179 2821 ut
1199 2790 1424 2829 signaculum
1443 2798 1552 2829 super
1572 2798 1634 2819 cor

131 2833 245 2870 tuum,
264 2833 306 2862 ut
325 2831 549 2872 signaculum
577 2840 686 2871 super
705 2829 892 2862 brachium
911 2832 1025 2870 tuum,
1044 2832 1127 2872 quia
1146 2831 1254 2863 sortis
1273 2835 1327 2863 est
1346 2833 1386 2862 ut
1406 2841 1502 2862 mors
1522 2830 1632 2861 dilcc-

245 2902 308 2930 Ven
341 2902 489 2930 Guiberti
508 2902 584 2929 vita.
1062 2940 1064 2942 Ι
1493 2903 1510 2928 4
