1930 3224
572 257 673 299 vmq.
709 257 904 286 summm
938 257 1047 287 vnum:
1079 257 1199 286 Lmen
1232 258 1279 286 111
1601 243 1685 286 1¹55

754 474 974 534 [CAPUT
1008 475 1114 533 vn]

238 649 382 708 Igitur
409 654 514 708 post
552 649 839 708 aliquantum
868 650 1104 708 temporis,
1139 665 1244 693 cum
1276 649 1333 692 ob
1374 650 1685 708 exposcendas

179 717 396 777 pecunias
415 733 440 761 a
458 733 563 775 rege
583 718 855 776 Anglorum,
889 718 961 778 cui
996 718 1226 776 quondam
1266 718 1499 772 servierat,
1539 718 1684 760 amico

180 785 267 830 sibi
292 786 418 841 olim,
455 786 687 846 profectus
725 791 844 829 esset
879 787 924 829 in
957 786 1191 844 Angliam,
1218 787 1433 830 Galterus
1466 786 1685 829 archidia-

178 869 320 898 conus
346 859 391 898 et
417 855 593 898 Guido¹
626 871 729 898 cum
749 855 1009 913 proceribus
1038 855 1166 898 urbis
1192 856 1282 898 tale
1317 856 1424 915 quid
1452 852 1685 897 commen-

178 926 264 969 tati
289 931 411 970 sunt.
442 926 555 971 Urbi
581 927 648 970 illi
680 931 806 970 tanta
836 927 893 970 ab
916 928 1103 985 antiquo
1132 927 1385 970 adversitas
1412 927 1680 981 inoleverat,

175 999 230 1038 ut
254 1007 402 1054 neque
434 995 573 1049 Deus,
615 1011 762 1054 neque
788 995 999 1038 dominus
1026 996 1252 1054 quispiam
1285 996 1397 1038 inibi
1431 996 1680 1050 timeretur,

176 1063 256 1106 sed
289 1063 348 1106 ad
371 1079 505 1123 posse
543 1069 586 1107 et
616 1064 797 1107 libitum
842 1064 1059 1122 cujusque
1092 1065 1262 1123 rapinis
1298 1069 1343 1107 et
1377 1064 1576 1107 caedibus
1612 1080 1684 1106 res

174 1131 357 1190 publica
395 1133 672 1177 misceretur.
704 1133 839 1187 Nam,
875 1138 925 1175 ut
948 1149 989 1175 a
1022 1133 1167 1191 capite
1197 1133 1413 1191 pestifero
1446 1128 1684 1175 exordium

177 1215 370 1254 sumam,
397 1202 436 1244 si
473 1202 655 1260 quando
700 1202 807 1244 illuc
849 1217 1003 1259 regem
1051 1202 1205 1244 venire
1250 1202 1551 1259 contingeret,
1585 1202 1683 1259 ipse

174 1269 253 1328 qui
276 1269 363 1312 sibi
389 1270 691 1313 reverentiam
718 1270 898 1328 exigere
940 1270 1063 1328 regio
1093 1270 1239 1328 rigore
1270 1270 1488 1313 debuerat
1508 1270 1539 1324 ἓ),
1586 1271 1682 1328 ipse

173 1337 219 1380 in
268 1338 362 1381 suis
395 1335 601 1397 ‘primum
641 1339 834 1397 turpiter
869 1339 1148 1382 multabatur
1162 1347 1196 1382 ἃ.
1234 1339 1410 1397 Nempe
1441 1355 1545 1382 cum
1580 1339 1684 1396 equi

175 1406 275 1466 ejus
297 1407 354 1449 ad
380 1422 545 1465 aquam
572 1423 652 1450 seu
679 1422 810 1450 mane
835 1424 914 1450 seu
938 1423 1125 1466 vespere
1153 1408 1439 1462 ducerentur,
1475 1408 1684 1451 verbera-

172 1475 234 1518 tis
283 1475 570 1530 clienticulis,
618 1477 722 1535 equi
769 1477 1120 1534 abripiebantur.
1176 1477 1304 1535 Ipsos
1358 1477 1495 1520 etiam
1544 1478 1683 1520 tantis

172 1543 320 1588 addici
342 1545 608 1588 constiterat
627 1545 1004 1604 vilipensionibus
1025 1546 1226 1600 clericos,
1252 1551 1305 1588 ut
1337 1561 1482 1604 neque
1504 1546 1549 1588 in
1580 1562 1683 1604 per-

172 1613 312 1668 sonis,
339 1628 488 1672 neque
505 1613 551 1656 in
568 1613 705 1664 rebus,
727 1630 883 1657 eorum
905 1619 1165 1673 parceretur
1197 1615 1383 1668 eisdem,
1422 1615 1502 1657 sed
1537 1620 1678 1668 esset,

169 1681 238 1724 uti
261 1682 456 1739 legitur:
487 1701 507 1723 «
537 1683 662 1726 Sicut
689 1683 901 1741 populus,
927 1683 989 1726 sic
1014 1684 1224 1726 sacerdos
1244 1684 1275 1724 3.
1318 1702 1337 1722 »
1368 1683 1458 1727 Sed
1494 1683 1605 1741 quid
1627 1683 1682 1725 de

169 1749 344 1808 plebeis
360 1749 585 1809 loquorb?
606 1752 752 1794 Nemo
765 1753 819 1794 de
834 1752 1021 1809 agrariis
1045 1752 1387 1809 ingrediebatur
1415 1753 1462 1794 iu
1487 1752 1678 1805 urbem3

169 1833 319 1874 nemo,
348 1819 436 1862 nisi
459 1820 698 1880 'tutissimo
734 1826 1005 1868 commeatu,
1037 1821 1279 1863 accedebat
1315 1821 1372 1863 ad
1404 1821 1566 1878 ipsam,
1605 1821 1684 1878 qui

167 1903 259 1932 non
282 1895 360 1933 aut
380 1891 683 1935 incarceratus
707 1892 764 1934 ad
782 1893 1141 1951 redemptionem
1168 1897 1420 1950 cogeretur,
1452 1908 1532 1935 seu
1553 1908 1682 1935 occa-

171 1958 297 2002 sione
323 1959 502 2018 objecta
521 1961 760 2004 duceretur
780 1962 878 2004 sine
899 1977 1033 2004 causa
1057 1961 1103 2004 in
1130 1977 1329 2005 causam.

232 2027 328 2070 Sub
353 2029 566 2087 exemplo
583 2029 827 2073 inferamus
854 2046 1013 2085 unum,
1046 2030 1183 2088 quod,
1223 2030 1260 2072 si
1301 2030 1421 2088 apud
1458 2030 1683 2073 Barbaros

170 2102 249 2140 aut
295 2096 470 2140 Scitas⁰
507 2098 649 2154 fieret,
695 2104 814 2142 certe
849 2115 1005 2143 eorum
1046 2099 1125 2157 qui
1156 2099 1307 2142 nullas
1340 2099 1510 2142 habent
1554 2099 1677 2156 leges

170 2165 585 2226 prophanissimum
630 2172 750 2210 esset
776 2167 963 2227 judicio.
999 2167 1116 2211 Cum
1151 2167 1407 2210 sabbathod
1441 2168 1634 2210 diversis
1658 2184 1681 2210 e

170 2235 351 2279 ruribus
370 2236 652 2279 mercimonii
674 2237 820 2294 gratia
851 2236 983 2294 plebs
1016 2236 1265 2294 agrestium
1302 2236 1382 2278 illo
1418 2236 1678 2291 venirent4,

209 2357 243 2381 a.
260 2348 509 2381 mulctabatur
527 2349 570 2381 D.
596 2368 636 2372 —
662 2349 697 2381 b.
718 2349 818 2381 Corr.
837 2350 881 2381 de
901 2350 928 2381 B
951 2350 1000 2390 (et
1023 2350 1080 2391 D).
1103 2349 1270 2392 loquitur
1291 2350 1334 2381 X.
1353 2369 1395 2373 —
1418 2359 1448 2382 c.
1467 2350 1620 2392 Scythas
1636 2350 1679 2382 D.

169 2408 209 2414 —
223 2389 259 2423 d.
274 2389 432 2423 Sabbata
446 2390 491 2423 D.

210 2561 241 2590 1.
266 2557 410 2591 L'autre
430 2559 655 2591 archidiacre
672 2570 679 2598 ;
699 2560 744 2592 cf.
761 2560 782 2591 l.
802 2560 863 2599 111,
883 2571 914 2592 c.
931 2571 965 2591 v.

209 2603 239 2632 2.
265 2599 340 2632 Des
363 2600 503 2641 sejours
514 2602 562 2632 du
579 2602 633 2633 roi
649 2602 669 2632 a
687 2602 796 2639 Laon,
810 2602 977 2644 indiques
992 2612 1058 2643 par
1075 2602 1244 2640 Guibert‚
1260 2603 1312 2634 les
1328 2605 1428 2634 actes
1448 2602 1491 2633 de
1510 2602 1618 2633 Louis
1631 2603 1680 2633 VI

170 2651 345 2725 munau?
381 2642 544 2675 revelent
577 2643 687 2685 qu'un
726 2644 816 2684 seul,
845 2654 889 2675 en
914 2647 994 2675 1109
1020 2643 1079 2685 (cf.
1112 2644 1299 2683 Luehairc,
1342 2644 1514 2683 Annales,
1549 2650 1587 2675 n⁰
1627 2646 1679 2682 84,

212 2728 242 2757 3.
268 2725 403 2767 Proph.
421 2726 482 2765 Im,
502 2726 634 2765 XXlV,
654 2731 670 2757 2
695 2737 701 2758 :
726 2741 740 2756 «
760 2727 805 2759 Et
822 2727 891 2759 erit
910 2728 1005 2759 sicut
1020 2728 1188 2768 populus,
1205 2728 1257 2759 sic
1275 2728 1456 2760 sacerdos,
1484 2741 1498 2756 u

211 2768 240 2797 4.
266 2766 336 2799 Sur
361 2767 632 2808 l'organisation
657 2768 894 2810 economique
922 2770 985 2800 des
1003 2770 1180 2809 marches,
1199 2770 1243 2801 cf.
1265 2770 1351 2801 Karl
1373 2770 1525 2807 Bficher,
1543 2761 1678 2801 Etudes

167 2807 357 2840 d‘histoire
374 2808 623 2852 e'conomiqne,
644 2811 735 2842 trad.
754 2811 809 2849 fn,
830 2811 1148 2849 Bruxelles-Panis,
1167 2815 1260 2850 1900,
1282 2813 1367 2850 in-s,
1391 2821 1424 2852 p.
1442 2814 1552 2843 ’,Ἣ-79.
