1930 3224
266 244 320 288 78
677 262 776 292 VEN.
813 262 1004 291 GUIBERTI
1035 263 1143 293 VITAE
1173 244 1293 292 LIBER
1325 265 1339 293 1

266 357 419 400 rebam
439 358 619 416 penitus
639 363 683 401 et
698 359 888 416 gradum
915 360 1151 417 potiorem,
1173 366 1227 411 ,et
1254 362 1405 419 magni
1427 362 1623 406 nominis
1652 379 1751 408 um-

264 424 392 467 bram
406 426 452 468 in
464 427 647 470 mundo.
667 428 779 469 Tum
796 428 992 485 primum
1011 428 1170 471 intimo
1190 430 1268 472 illo
1280 434 1549 487 tu0³sapore
1570 431 1751 476 addidi»
1769 433 1774 454 ³

267 493 307 535 ei
325 493 433 552 quid
453 494 702 537 voluntatis
720 496 886 547 unitas,
922 496 1029 554 quid
1047 496 1249 554 ejusdem
1268 497 1454 556 puritaS,
1487 498 1595 557 quid
1618 498 1751 544 fuerit

263 560 467 604 irreflexa
526 567 752 620 perpetuae
810 564 1086 621 paupertatis
1148 565 1354 608 intentio.
1417 565 1535 618 Quid
1582 566 1745 622 dicam,

263 629 472 683 Domine,
496 646 631 688 quam
654 636 995 674 momentaneus
1018 632 1102 675 iste
1122 634 1355 690 paradisus
1376 633 1589 688 extiterit,
1613 648 1748 694 quam

261 713 398 754 parva
436 697 578 755 quies,
608 714 742 756 quam
775 699 925 742 brevis
954 705 999 743 et
1029 700 1086 742 ad
1121 700 1306 743 dubium
1332 706 1469 744 tantae
1493 701 1748 751 dulcedinis

260 781 418 808 sensus
436 767 456 808 ⁶?
808 780 810 782 “
1662 811 1664 814 .

319 834 409 876 Vix
434 835 590 892 paucis
619 835 852 878 mensibus
880 834 986 879 talia
1019 841 1413 895 praegustaveram,
1445 838 1522 880 vix
1551 838 1746 896 Spiritus

264 907 366 945 tuus
391 902 552 955 bonus,
570 904 647 961 qui
663 904 710 946 in
729 908 894 947 terram
909 920 980 947 me
1000 910 1169 947 rectam
1186 905 1430 948 deduxerat
1443 905 1746 964 ¹,aliquanti's·

260 985 340 1028 per
361 970 627 1014 illuminatae
654 972 818 1015 rationi
841 972 1080 1026 insederat,
1110 989 1212 1016 cum
1244 989 1344 1016 ecce
1379 973 1508 1032 quasi
1539 973 1741 1019 diceres:

262 1056 282 1078 «
306 1039 417 1081 Cum
443 1039 643 1094 voluisti,
665 1040 803 1094 volui;
833 1056 922 1083 non
945 1041 1014 1083 vis
1038 1041 1171 1084 modo
1192 1046 1236 1084 et
1255 1042 1337 1084 tibi
1357 1041 1580 1099 displicet,
1608 1041 1740 1096 velis,

258 1107 391 1159 nolis,
418 1107 533 1150 habe
559 1108 695 1152 illud:
726 1102 1032 1167 quorundamc
1051 1114 1325 1152 remotorum
1347 1113 1392 1152 et
1407 1110 1518 1151 mihi
1543 1109 1742 1153 funditus

258 1174 515 1232 ignotorum
531 1176 713 1218 emersit
732 1177 906 1220 electio.
928 1195 948 1217 »
975 1178 1063 1220 Sed
1082 1193 1288 1235 quaenam
1305 1177 1463 1220 electio
1485 1179 1506 1221 ‘2
1530 1178 1644 1220 Vere
1670 1192 1743 1221 me

258 1242 399 1285 fatear
431 1244 678 1302 egregium,
711 1260 813 1287 cum
845 1245 962 1288 inter
991 1261 1161 1298 omnes,
1191 1245 1268 1304 qui
1299 1245 1411 1288 mihi
1442 1245 1743 1288 obversaban-

255 1315 342 1364 tur,
362 1312 598 1367 sordidior,
619 1313 788 1355 immod
814 1314 1109 1368 teterrimus⁶‚
1133 1314 1270 1366 Deus,
1289 1313 1372 1356 sub
1385 1318 1463 1356 tuo
1483 1313 1741 1357 testimonio

251 1378 780 1435 judicarer?Paucarum
812 1381 950 1438 igitur
977 1397 1091 1440 quas
1125 1382 1361 1440 attigeram
1393 1381 1665 1442 literarums,
1696 1385 1741 1425 et

256 1447 475 1502 docentis,
516 1454 566 1491 ut
600 1449 846 1503 dicebatur,
876 1450 1072 1492 exterius
1110 1450 1243 1492 litura
1275 1465 1494 1508 personae,
1523 1450 1740 1493 electores

255 1531 380 1558 meos
418 1517 623 1559 effecerat
657 1518 942 1560 caecutientes
983 1523 1028 1560 et
1065 1518 1249 1576 lippos:
1297 1518 1418 1560 Deus
1457 1517 1588 1569 bone,
1628 1516 1740 1576 quid

253 1584 467 1638 dicerent,
494 1585 531 1628 si
556 1601 654 1628 mea
680 1590 787 1628 tunc
810 1586 1019 1628 interiora
1044 1586 1282 1628 viderent?
1301 1585 1409 1644 quid
1435 1600 1612 1644 quoque
1635 1600 1739 1628 sen-

252 1653 405 1708 tirent,
445 1653 483 1696 si
510 1654 658 1711 qualis
698 1654 831 1696 modo
861 1654 924 1696 eis
955 1654 1135 1712 praesim
1171 1654 1495 1711 agnoscerent?
1526 1653 1592 1695 Tu
1629 1653 1734 1707 scis,
1800 1648 1802 1652 ’

253 1722 345 1779 qui,
367 1737 456 1779 quo
468 1722 618 1764 nescio
628 1721 814 1779 judicio,
836 1722 881 1764 id
902 1722 1133 1774 ordinasti,
1155 1727 1374 1779 quantum
1387 1721 1498 1763 mihi
1513 1721 1734 1778 indigner,

252 1794 471 1848 quantum
505 1791 709 1832 horream
748 1790 868 1847 quod
907 1790 1167 1832 melioribus
1204 1805 1255 1832 ac
1295 1788 1626 1832 honestioribus
1665 1804 1737 1832 me
1765 1793 1773 1802 ⁶

253 1863 522 1916 praepostere
547 1858 729 1900 omnino
749 1858 1013 1916 praesideam
1038 1873 1046 1911 ;
1068 1858 1156 1900 scis
1176 1858 1313 1911 enim,
1338 1857 1540 1900 cordium
1557 1871 1736 1900 renum-

251 1942 338 1984 que
381 1927 697 1984 praecognitor,
736 1926 841 1984 quia
877 1926 966 1969 tale
1005 1926 1113 1984 quid
1150 1926 1409 1968 nullatenus
1454 1924 1732 1975 affectabam,

251 1995 402 2052 respui
419 1999 570 2036 tamen
584 1999 662 2036 aut
681 1994 908 2052 reprobari
928 1993 1043 2036 foede
1066 1993 1290 2046 nolebam,
1316 1998 1449 2053 teque
1472 1993 1736 2051 praecordia-

250 2062 354 2105 liter
379 2062 636 2116 exorabam,
665 2067 716 2105 ut
745 2062 807 2104 sic
839 2062 1052 2104 immunis
1078 2078 1102 2104 a
1134 2066 1281 2120 coepto
1314 2062 1483 2116 fierem,
1524 2061 1736 2119 quatinus

250 2134 294 2172 et
314 2131 578 2183 verendum,
614 2135 660 2173 et
691 2131 811 2188 quod
841 2130 1079 2172 immodice
1111 2129 1480 2182 extimescebam,
1512 2144 1625 2172 onus
1644 2143 1736 2171 non

249 2198 460 2251 subirem,
491 2214 572 2240 nec
603 2204 760 2256 utpote
790 2198 962 2255 fragilis
988 2213 1044 2240 ex
1076 2198 1165 2240 mei
1190 2197 1456 2241 refutatione
1480 2197 1731 2240 deficerem.

308 2270 410 2312 Non
431 2274 474 2312 te
500 2269 648 2322 latuit,
673 2270 795 2311 Deus
822 2284 963 2322 meus,
997 2285 1130 2326 quam
1162 2269 1288 2322 dure,
1316 2283 1451 2326 quam
1479 2283 1596 2325 aegre
1620 2267 1735 2310 tule-

248 2338 305 2379 rit
343 2342 487 2380 mater
524 2353 622 2380 mea
658 2337 916 2380 dilationem
938 2338 971 2390 2,
995 2352 1094 2395 quae
1132 2337 1232 2379 aliis
1272 2336 1509 2379 videbatur
1530 2335 1730 2388 honoris,

287 2478 319 2500 a,
334 2478 487 2508 manque
510 2467 552 2499 D.
579 2486 620 2490 —
649 2466 683 2498 b.
703 2466 862 2499 addidici
884 2467 928 2498 D.
963 2485 1002 2490 —
1028 2476 1055 2498 c.
1082 2465 1324 2508 quorumdam
1344 2466 1388 2498 D.
1415 2483 1456 2488 -
1481 2465 1516 2497 d.
1536 2464 1606 2496 imo
1630 2464 1674 2496 D.
1691 2480 1753 2487 -·

245 2519 274 2541 e.
301 2510 400 2542 Corr.
420 2511 464 2541 de
491 2510 533 2541 D.
551 2509 767 2541 deterrimus
782 2509 820 2540 B.
844 2527 882 2531 —
905 2508 933 2548 s.
962 2508 1169 2539 litterarum
1186 2508 1229 2540 D.

286 2653 315 2681 1.
342 2649 417 2681 Lib
440 2649 586 2688 Psalm„
610 2648 747 2687 CXLII,
765 2651 835 2679 10.
829 2659 835 2664 ·
862 2648 1037 2689 «Sp'uitus
1059 2649 1142 2679 tuus
1161 2647 1278 2678 bonus
1298 2646 1452 2677 deducet
1477 2646 1582 2677 mein
1600 2647 1730 2677 terram

244 2693 497 2765 regtaguibert
514 2731 638 2763 devint
661 2730 754 2762 abbe'
777 2740 820 2761 en
842 2732 921 2761 1104
941 2730 1131 2771 (Dachery,
1161 2729 1272 2768 Notae,
1301 2739 1335 2801 p.
1360 2731 1437 2767 6263
1473 2728 1620 2766 Thurot,
1641 2728 1729 2759 dans

1327 2780 1359 2801 ri

244 2773 326 2805 Rev.
343 2774 434 2805 Hist.
441 2777 555 2813 „1876
574 2774 599 2804 t.
617 2772 700 2813 11‚p
707 2773 816 2813 .,105)
836 2774 872 2803 et
890 2781 960 2802 non
975 2782 1018 2802 en
1034 2774 1112 2802 1105
1124 2755 1260 2811 <Gallia
1272 2770 1298 2801 G
1354 2769 1418 2810 st.‚
1437 2771 1462 2801 t.
1482 2769 1544 2809 lx,
1560 2769 1628 2801 col.
1643 2771 1728 2810 607).

244 2815 296 2845 Ne
316 2825 358 2846 en
377 2818 468 2855 1053,
483 2815 508 2846 il
526 2814 613 2846 e'tait
626 2814 714 2845 dans
728 2823 785 2844 ses
799 2813 990 2854 cinquante
1005 2815 1041 2844 et
1057 2823 1104 2843 un
1119 2822 1194 2844 ans.
