1930 3224
581 234 682 264 VEN.
719 233 916 263 GUIBERTI
948 233 1056 262 vlTAE
1088 232 1211 261 LIBER
1243 233 1256 261 1
1614 218 1668 261 45

94 378 122 394 μ
150 332 307 383 Mater
329 332 385 376 de
405 348 559 377 eorum
587 332 895 391 cupidissimis
919 331 1035 374 circa
1052 339 1071 358 ἃ
1097 330 1335 386 conatibus
1358 331 1406 373 in
1429 331 1667 374 ecclesiam

86 395 115 411 *⁸
150 406 454 456 concesserat,
503 406 548 445 et
590 405 695 444 ante
739 401 923 443 Domini
965 399 1170 444 crucifixi
1211 399 1458 458 imaginem
1502 399 1666 460 debitae

152 484 328 522 memor
361 469 581 514 orationis
611 468 804 513 astabat.
843 469 920 512 Ad
948 484 1085 527 quam
1117 484 1221 512 cum
1252 484 1370 516 unus
1407 468 1462 510 de
1500 468 1613 511 meis
1640 484 1664 511 a

78 529 114 579 .ιὲ
144 543 278 600 patre
301 538 583 598 parentibus,
605 537 761 582 eadem
783 554 883 597 quae
901 538 977 581 alii
993 537 1211 590 sentiens,
1239 536 1355 580 et'ab
1382 537 1447 580 eis
1464 536 1664 579 directus

149 606 369 662 v'enisset,
391 612 438 652 et
462 611 514 650 ut
533 607 592 650 ad
608 606 733 659 illos,
760 607 838 665 qui
856 622 955 649 eam
982 606 1378 665 praestolabantur,
1409 606 1660 660 accederet,

143 674 369 735 ¹judicium
395 691 552 719 eorum
572 675 782 723 auditura
810 679 1006 732 rogaret,
1033 675 1112 718 illa
1138 675 1292 718 intulit
1317 689 1326 720 :
1349 693 1369 715 «
1396 675 1543 732 Super
1561 674 1660 728 hac,

52 733 96 804 *J
122 754 125 758 ’
150 743 316 802 inquit,
347 760 409 799 re,
435 744 619 805 nonnisi
650 744 734 786 sub
761 745 1001 802 praesentia
1041 743 1224 786 Domini
1252 744 1340 786 mei
1363 758 1513 800 agam.
1549 762 1570 783 »
1604 743 1664 786 Et

57 812 76 871 ἶ
148 811 261 859 ille:
305 830 327 853 «
366 809 524 871 Cujus}
549 813 644 867 ait,
685 813 893 856 domini?
929 831 949 852 »
984 813 1041 856 Et
1083 812 1139 855 ad
1174 812 1420 869 imaginem
1459 812 1663 855 crucifixi

38 898 59 945 J
87 889 89 891 ’
150 880 336 924 Domini
359 886 581 940 praetensa
606 897 744 924 manu
765 895 774 926 :
809 899 829 921 «
852 882 953 934 Hic,
979 881 1140 940 inquit,
1165 885 1235 924 est
1260 881 1497 924 Dominus.
1527 898 1547 920 »
1579 881 1663 923 His

148 949 349 995 auditis:
374 968 395 990 «
430 950 516 993 Hic
548 950 660 992 mihi
697 950 952 993 causidicus
979 950 1064 992 sub
1097 965 1186 1008 quo
1223 965 1371 1008 agam.
1412 967 1432 989 »
1467 948 1662 992 Erubuit

147 1017 268 1062 dicto
294 1018 388 1074 ille,
412 1022 458 1062 et
482 1023 533 1062 ut
556 1023 653 1062 erat
677 1034 769 1062 non
806 1019 1044 1061 minimum
1079 1018 1351 1076 versipellis,
1388 1018 1482 1060 risu
1509 1022 1660 1060 extor-

145 1086 246 1131 titio
272 1086 421 1132 fucata
441 1087 646 1146 nequitia
660 1087 788 1140 abiit,
819 1088 973 1131 audita
1001 1087 1225 1130 relaturus
1253 1087 1310 1129 ad
1349 1103 1472 1130 suos.
1504 1086 1591 1138 Qui
1615 1091 1658 1129 et

145 1155 234 1214 ipsi
267 1155 349 1200 tali
374 1157 668 1215 responsione
693 1157 868 1210 suffusi,
905 1172 1007 1199 cum
1045 1172 1092 1199 se
1122 1156 1186 1198 nil
1210 1156 1346 1214 justae
1375 1154 1659 1198 occasionisb

146 1224 367 1268 adversus
388 1224 486 1283 ejus
501 1225 809 1268 omnimodam
829 1226 1116 1268 honestatem
1132 1224 1295 1268 habere
1315 1229 1655 1282 cognoscerent,

147 1298 195 1336 et
215 1293 426 1337 insistere
453 1294 730 1337 desiverunt.

208 1361 303 1406 Nee
329 1378 453 1410 mora
479 1378 599 1406 unus
631 1363 686 1405 de
716 1363 803 1406 loci
833 1368 878 1406 et
908 1363 1151 1421 provinciae
1191 1361 1480 1421 primoribus,
1515 1362 1658 1420 patris

147 1431 236 1474 mei
263 1447 412 1491 ‘nepos
432 1432 462 1486 ¹,
494 1432 565 1474 vir
584 1432 703 1475 sicut
737 1437 915 1490 potem,
955 1432 1020 1475 sic
1053 1432 1259 1490 cupidus,
1296 1431 1541 1474 feminam⁰
1577 1431 1657 1482 tali

145 1515 354 1544 sermone
386 1500 604 1544 adoritur.
627 1519 647 1541 «
693 1501 809 1545 Cum
845 1501 944 1554 tibi,
995 1501 1160 1559 inquit,
1211 1500 1392 1543 domina
1444 1504 1658 1558 suppetat

139 1568 360 1628 juventus
374 1574 420 1613 et
445 1569 636 1628 species,
666 1570 919 1613 thalamum
947 1569 1100 1628 jurare
1127 1574 1171 1612 te
1199 1569 1428 1623 convenit,
1458 1575 1508 1612 ut
1538 1574 1583 1612 et
1607 1574 1656 1613 tu

143 1637 202 1681 ad
227 1639 445 1682 saeculum
468 1638 712 1696 jocundius
739 1639 885 1693 vivas,
916 1643 961 1682 et
989 1638 1236 1681 avunculid
1264 1638 1352 1681 mei
1375 1637 1504 1680 liberi
1530 1654 1553 1681 a
1583 1655 1655 1683 me

141 1706 336 1752 fideliter
359 1707 590 1751 nutriendi
611 1707 694 1750 sub
715 1723 822 1750 cura
849 1724 947 1751 mea
968 1708 1153 1766 degant,
1172 1707 1366 1766 denique
1392 1712 1437 1750 et
1470 1723 1653 1765 posses-

141 1775 294 1819 siones
312 1775 519 1834 ejusdem
543 1776 602 1819 ad
633 1792 749 1830 mea,
775 1782 828 1820 ut
854 1776 1087 1835 competit,
1106 1775 1211 1834 jura
1231 1780 1464 1818 recurrant
1478 1776 1510 1820 ⁴2.
1547 1776 1652 1820 »At

139 1842 249 1888 illa:
278 1862 299 1885 «
325 1844 439 1897 Scis,
464 1844 629 1903 inquit,
661 1846 939 1888 avunculum
958 1850 1088 1898 tuum
1112 1845 1246 1888 claris
1274 1844 1388 1888 bene
1420 1845 1652 1889 natalibus

140 1918 467 1972 propagatum;
495 1913 591 1972 qui,
615 1913 721 1973 quia
741 1914 836 1957 Deo
860 1930 963 1957 eum
986 1915 1198 1958 efferente
1221 1913 1431 1967 decessit,
1457 1930 1539 1957 sua
1559 1929 1652 1957 non

141 1986 330 2040 repetet,
357 1982 568 2035 Domine,
601 1982 722 2041 apud
748 1998 821 2026 me
850 1983 1130 2041 hymeneuse
1147 1982 1310 2036 officia,
1332 1983 1422 2026 nisi
1453 1999 1500 2026 se
1531 1984 1651 2026 ultro

140 2050 253 2094 mihi
303 2050 552 2094 obtulerint
610 2051 847 2095 nobilioris
901 2052 1045 2095 multo
1091 2067 1294 2111 personae
1339 2052 1580 2095 connubia.
1627 2070 1647 2092 »

141 2119 313 2164 Idcirco
345 2125 499 2164 autem
534 2126 664 2164 cauta
696 2121 773 2164 illa
813 2121 977 2164 mulier
1003 2121 1057 2164 de
1082 2120 1302 2164 nobiliore
1326 2125 1396 2164 est
1418 2121 1649 2164 sortiendo

20 2194 25 2198 ’
66 2201 75 2207 ·
138 2191 305 2247 10ουῐὲιρ
332 2207 436 2236 cum
462 2192 598 2236 sciret
617 2192 695 2235 vix
721 2198 800 2236 aut
820 2193 1081 2236 nullatenus
1111 2208 1245 2251 posse
1273 2193 1554 2251 contingere,
1580 2198 1646 2244 ut,

135 2276 240 2304 cum
259 2261 336 2304 ille
350 2277 517 2305 nomen
540 2261 776 2304 nobilioris
802 2262 1018 2316 horreret,
1050 2262 1143 2314 illa,
1166 2262 1383 2306 continuo
1411 2262 1648 2305 nobilibus

174 2384 206 2408 a.
225 2373 448 2416 Exponetud,
468 2385 556 2407 avec
575 2373 613 2408 ὄσ
628 2373 872 2408 interlincaire
888 2376 926 2407 B.
952 2376 983 2407 D
1003 2377 1077 2407 met
1101 2376 1228 2411 lacunc
1248 2377 1285 2408 et
1303 2385 1460 2417 proposc
1480 2375 1591 2407 certa.
1609 2392 1649 2398 —-

132 2415 169 2450 b.
199 2416 300 2449 Corr.
324 2418 370 2449 de
393 2418 421 2449 Β
446 2417 496 2459 (et
519 2418 577 2458 D).
594 2416 781 2450 occasione
806 2417 849 2449 X.
874 2436 916 2441 —
941 2427 970 2449 c.
996 2417 1185 2458 foeminam
1213 2419 1255 2450 D.
1282 2436 1322 2441 ——
1352 2418 1386 2449 d.
1419 2417 1647 2449 avunculum

132 2458 338 2501 expunctus
358 2459 399 2492 B.
415 2477 453 2483 —
470 2470 500 2492 e.
519 2460 739 2502 Hymenaeus
757 2460 802 2491 D.

175 2629 205 2659 1.
230 2626 285 2660 Cf.
306 2628 376 2665 1.1‚
395 2638 427 2660 c.
443 2639 504 2661 vu.

149 2684 152 2687 *
173 2672 204 2702 2.
229 2670 402 2718 Exemple
419 2670 463 2702 de
480 2671 690 2703 succession
711 2681 756 2702 en
774 2671 971 2712 parentele.
995 2671 1095 2702 Dans
1120 2671 1152 2702 lc
1174 2670 1272 2703 droit
1293 2670 1427 2709 scodal,
1457 2670 1510 2702 les
1538 2669 1644 2702 biens

132 2711 283 2743 tendent
300 2713 589 2753 primitivemcnt
604 2714 622 2744 a
641 2723 684 2743 nc
700 2723 764 2753 pas
783 2723 909 2752 passer
926 2723 995 2744 aux
1014 2713 1178 2751 fcmmcs,
1199 2713 1288 2744 mais
1307 2713 1327 2744 ἐι
1352 2715 1475 2744 rcstcr
1495 2713 1585 2744 dans
1608 2713 1644 2744 lc

132 2752 273 2794 lignage
290 2753 349 2795 (cf.
368 2754 401 2786 J.
421 2754 604 2791 Brissaud,
628 2754 743 2786 Cours
767 2754 954 2787 d'histoire
972 2754 1143 2797 ye'ncrale
1165 2754 1213 2787 du
1232 2755 1332 2787 droit
1349 2754 1530 2796 frangatis,
1548 2757 1573 2787 t.
1598 2755 1643 2794 11,

135 2794 248 2835 Paris,
269 2797 360 2834 1905,
380 2795 465 2832 in-s,
487 2807 520 2838 p.
546 2799 624 2827 1525
646 2797 729 2837 sq.).
