1930 3224
280 226 362 268 138
680 242 779 271 VEN.
816 243 1008 272 GUIBERTI
1041 242 1146 273 vim
1177 245 1297 273 LlBER
1331 246 1373 273 lu

330 338 455 381 ‘Ante
503 355 637 396 quam
673 340 936 383 electionem
977 341 1064 383 duo
1110 342 1308 385 ecclesiae
1345 342 1649 385 archidiaconi
1681 358 1761 402 per

275 411 454 449 mutuas
504 407 770 463 eligentium
816 409 1126 451 contentiones
1185 410 1230 451 in
1289 410 1548 452 cathedram
1585 410 1767 454 fuerant¹

277 475 435 527 evecti,
460 475 686 517 Galterius
702 484 719 502 ἃ
740 476 911 518 scilicet
930 492 980 518 ac
995 475 1015 502 ἱ)
1037 477 1203 519 Ebalus
1222 492 1231 529 3
1261 477 1340 520 sed
1357 478 1612 535 apostolicae
1639 477 1765 523 sedis

270 542 440 599 judicio
487 547 590 584 sunt
624 543 769 599 ejecti.
815 544 1068 586 Galterius³
1100 545 1221 587 enim
1264 561 1353 587 non
1400 545 1629 600 clericum,
1675 546 1757 589 sed

279 610 520 652 militarem
533 626 580 652 se
595 626 771 667 semper
788 611 1074 661 exhibuerat:
1095 613 1207 654 alter
1225 613 1466 655 mulierum
1480 613 1582 670 plus
1598 628 1726 671 aequo
1741 621 1758 642 ⁰

277 677 559 719 incontinens
575 682 683 720 erat.
712 679 889 730 Quibus
908 679 1100 732 emissis,
1125 680 1284 723 tertius
1307 681 1506 723 ecclesiae
1529 681 1694 724 candor
1708 695 1756 724 se

276 745 504 788 intrudere
522 746 694 799 volens,
731 747 900 789 curiam
934 748 1079 804 petiit,
1113 753 1171 801 et,
1201 763 1304 789 cum
1334 749 1462 805 quasi
1500 764 1580 806 pro
1614 749 1754 791 altero

274 829 321 854 se
350 828 481 869 agere
515 813 629 855 velle
669 815 979 872 praetenderet,
1018 816 1064 856 in
1103 831 1149 857 se
1188 817 1378 858 verbum
1418 816 1471 858 de
1504 815 1752 859 sacerdotio

276 881 471 923 retorsit.
498 880 614 932 Quid
642 882 772 923 effluo
790 884 810 924 ‘3
837 882 1113 940 Multiplices
1138 884 1230 940 regi
1257 884 1497 942 paciscitur
1517 898 1754 926 munerum

276 949 427 1005 copias
452 949 481 1002 ¹,
506 965 608 1006 spes
633 954 678 991 et
701 951 919 1007 promissa
953 950 1212 993 divitiarum
1235 951 1496 993 tuberosus¹
1521 951 1754 1009 amplecti—

275 1021 362 1067 tur,
387 1017 463 1058 sed
484 1033 574 1058 non
595 1017 790 1061 divitias.
818 1019 1042 1060 Reversus
1064 1034 1222 1076 nempe
1256 1019 1442 1061 domum
1469 1018 1753 1076 praestolaba-

274 1089 362 1132 tur,
390 1089 439 1126 ut
477 1085 684 1142 sequenti
728 1085 948 1128 dominica
989 1102 1012 1128 a
1057 1086 1219 1143 legatis
1254 1087 1389 1144 regiis
1427 1091 1667 1144 poneretur
1708 1086 1754 1128 in

276 1152 502 1195 cathedra.
531 1153 587 1194 Et
621 1168 721 1195 ecce
751 1154 886 1207 Deus,
929 1154 1005 1212 qui
1034 1154 1202 1196 talibus
1238 1154 1366 1196 dolos
1402 1154 1636 1211 praeponit,
1675 1154 1753 1212 qui

275 1235 374 1273 eos,
395 1219 504 1262 dum
523 1220 793 1274 allevantur,
818 1221 985 1278 dejicit,
1015 1222 1140 1264 letali
1157 1221 1178 1248 ‘¹
1205 1222 1450 1279 superbum
1475 1221 1632 1263 morbo
1654 1237 1754 1278 per-

273 1288 400 1340 cutit,
426 1293 469 1330 et
490 1293 693 1330 mortuus
708 1305 777 1349 ⁴eo
811 1290 881 1331 die
928 1290 974 1332 in
1010 1290 1197 1332 ecclesia
1220 1289 1411 1342 sistitur,
1451 1289 1498 1330 in
1542 1304 1627 1346 qua
1668 1288 1753 1331 sibi

272 1356 625 1398 cathedraticum
657 1372 682 1398 a
711 1357 829 1399 clero
855 1362 898 1399 et
934 1359 1098 1415 populo
1132 1362 1396 1415 accepturus
1425 1356 1675 1400 videbatur.
1701 1355 1752 1398 In

271 1439 356 1481 qua
379 1424 625 1480 deposituS,
660 1430 711 1466 ut
738 1425 848 1466 mihi
883 1426 1073 1467 relatum
1112 1431 1195 1477 est,
1240 1441 1343 1469 mox
1382 1425 1570 1482 crepuit,
1592 1429 1656 1467 ‘et
1695 1424 1752 1466 ad

271 1491 468 1533 medium
488 1507 629 1549 usque
652 1493 776 1534 chori
799 1493 906 1535 foedi
942 1493 1141 1534 humoris
1168 1492 1456 1535 exuberantia
1483 1492 1629 1535 fluxit.
1664 1490 1752 1534 Sed

271 1560 327 1601 ad
347 1559 393 1601 id
412 1560 530 1602 unde
552 1561 826 1602 excessimus
844 1566 1135 1603 revertamur.

330 1627 417 1684 Spe
453 1627 592 1684 igitur
623 1628 860 1670 falsissima
892 1629 1231 1670 commodorum
1260 1629 1429 1670 electus
1454 1627 1530 1669 ille
1568 1627 1754 1684 praedic-

269 1699 342 1736 tus
380 1711 405 1736 a
441 1695 574 1748 clero,
624 1696 891 1752 Ingelranno
933 1697 1127 1753 primum
1170 1696 1447 1748 elaborante,
1497 1700 1541 1737 et
1578 1695 1750 1737 caeteris

269 1763 386 1804 malo
423 1779 503 1804 suo
527 1763 848 1817 adnitentibus,
883 1764 1153 1820 Rothomagi
1186 1779 1208 1805 a
1248 1778 1349 1820 rege
1379 1763 1665 1820 Anglorum2
1696 1763 1751 1804 de

268 1831 388 1872 curia
422 1836 574 1872 contra
627 1847 819 1873 canones
840 1832 855 1859 3
889 1831 1126 1888 expetitur.
1171 1831 1256 1882 Qui
1298 1845 1581 1888 nequaquam
1616 1829 1751 1886 hujus

269 1888 500 1940 electionis
524 1899 736 1951 incertus,
774 1901 893 1956 quod
927 1899 1011 1941 sub
1038 1899 1206 1940 nullius
1241 1898 1439 1940 ecclesiae
1465 1898 1598 1940 titulo
1637 1902 1748 1948 erat,

267 1982 348 2008 nec
381 1967 609 2024 quippiam
653 1967 767 2009 sacri
802 1967 971 2009 ordinis
1011 1972 1170 2024 praeter
1205 1962 1464 2008 clericatum
1495 1964 1763 2022 exceperat,

267 2034 458 2076 factione
500 2035 604 2092 egit,
632 2040 682 2077 ut
702 2051 724 2076 e
758 2035 950 2090 vestigio
983 2035 1285 2076 subdiaconus
1321 2034 1447 2076 fieret
1487 2038 1532 2075 et
1564 2032 1748 2075 canoni-

266 2118 362 2144 cam
396 2103 440 2143 in
481 2103 664 2144 ecclesia
703 2102 1056 2160 Rothomagensi
1101 2102 1362 2158 susciperet,
1397 2117 1499 2143 cum
1531 2101 1748 2143 hactenus

307 2242 338 2263 a.
360 2231 566 2262 Guallerius
580 2231 666 2263 D.—-
678 2232 711 2263 b.
725 2233 758 2262 el
771 2232 858 2263 D.-——
872 2242 900 2263 c.
915 2231 981 2262 Ces
994 2232 1086 2262 deux
1098 2234 1192 2262 mots
1207 2231 1404 2271 manquent
1416 2230 1503 2262 D.—
1515 2230 1550 2262 d.
1564 2229 1691 2262 lethali
1704 2229 1750 2261 D.

265 2380 443 2437 Dachery,
466 2397 579 2434 Notae,
599 2407 632 2437 p.
656 2399 714 2427 6122
736 2407 741 2428 :
764 2411 778 2424 α
798 2397 1027 2428 Waldericus
1038 2398 1153 2427 fuerat
1169 2396 1317 2427 Hen‘rici
1335 2396 1428 2435 regis
1449 2395 1647 2435 Anglorum
1672 2404 1753 2425 can-

265 2439 445 2472 cellarius,
460 2439 515 2469 vir
534 2438 705 2475 insolens,
722 2439 756 2468 in
771 2439 973 2469 litteratura
992 2438 1042 2469 nil
1059 2439 1183 2469 valens
1196 2438 1356 2474 omuino,
1370 2437 1551 2467 litteratos
1565 2435 1751 2476 despectui

265 2480 412 2518 habens,
432 2480 565 2510 milites
580 2489 688 2519 super
702 2490 827 2510 onmes
841 2480 1033 2520 dilig-chatz,
1053 2481 1246 2520 protervus
1262 2478 1331 2509 suit
1342 2478 1479 2518 pariter
1503 2479 1540 2508 et
1556 2486 1752 2525 praesomp-

266 2523 404 2552 tuosus.
423 2533 437 2549 u
493 2539 496 2544 -
1611 2541 1615 2545 .

306 2565 334 2593 1.
365 2561 568 2593 Tuber-osus
586 2562 721 2593 semble
740 2561 958 2602 s'appliquer
972 2562 1017 2592 ici
1035 2572 1077 2592 au
1096 2562 1150 2592 roi
1170 2572 1184 2590 α
1204 2560 1319 2601 gonsse
1340 2560 1423 2590 d’un
1438 2560 1522 2590 vain
1540 2559 1661 2600 espoir
1679 2572 1706 2590 ι».

306 2607 334 2635 2.
362 2603 474 2634 Henri
497 2604 536 2633 Ier
552 2603 755 2642 Beauclerc,
776 2607 962 2634 1100-1135.

304 2648 333 2675 3.
359 2644 586 2683 Thomassin,
614 2645 715 2675 Vetus
731 2646 764 2675 et
783 2654 872 2675 nova
895 2643 1052 2675 ecclesiae
1068 2643 1272 2684 disciplina,
1296 2642 1545 2681 Venise,1773,
1559 2641 1653 2679 in-f0,
1674 2642 1698 2672 t.
1720 2641 1746 2680 Ι,

262 2696 294 2726 p.
319 2689 377 2715 100
389 2696 441 2726 sq.
462 2686 604 2724 Guizot,
623 2686 710 2716 dans
729 2695 767 2716 sa
789 2686 993 2716 traduction
1013 2685 1236 2723 (Collection,
1258 2687 1283 2715 t.
1300 2684 1342 2722 X,
1359 2693 1392 2723 p.
1413 2686 1462 2722 11,
1480 2693 1513 2713 n.
1534 2683 1579 2723 1),
1593 2682 1746 2730 obser-ve

261 2737 329 2766 que
347 2729 444 2758 cette
468 2728 595 2767 phrase
618 2729 703 2757 veut
730 2727 825 2758 aussi
847 2727 930 2757 bien
951 2727 1026 2757 dire
1051 2736 1118 2766 que
1139 2726 1172 2757 le
1197 2726 1250 2756 roi
1274 2724 1524 2765 d'Angleterre
1550 2733 1570 2754 a
1593 2721 1746 2755 sollicite

262 2767 441 2799 l'election
459 2778 527 2808 que
550 2767 730 2799 l'inverse.
