1930 3224
299 238 354 282 46
705 253 805 283 VEN.
842 252 1036 282 summm
1069 253 1175 284 vmr
1209 254 1327 284 mnan
1359 254 1373 284 1

292 367 344 395 ac
373 352 650 410 ignobilibus
691 352 960 409 generaliter
994 353 1259 410 reprobatis,
1305 369 1431 411 spem
1465 354 1551 397 sibi
1585 354 1790 398 secundae

292 435 384 462 suae
404 420 735 478 conjugationis
759 420 989 462 adimeret.
1016 419 1131 463 Cum
1157 421 1294 477 igitur
1326 422 1402 464 ille
1437 437 1613 479 magnae
1639 438 1791 480 super·

275 488 388 542 biae,
414 489 535 546 quod
556 488 609 530 de
636 488 856 530 nobiliore
874 488 1065 541 dixerat,
1090 489 1387 547 ascripsisset,
1415 490 1494 532 illa
1515 490 1755 534 subintulit
1776 504 1786 535 ε

294 574 312 595 (ι
341 555 474 599 Certe
492 562 570 599 aut
596 556 879 609 nobiliorem,
907 561 983 598 aut
1008 557 1198 600 nullum.
1230 575 1249 596 n
1284 558 1549 616 Intelligens
1578 559 1670 612 ille,
1702 574 1790 618 qua

290 625 539 667 intentione
563 628 766 666 matrona
784 624 1038 678 dissereret,
1060 624 1250 668 descivit
1273 642 1298 668 a
1320 631 1479 684 caepto,
1504 631 1549 669 et
1568 626 1714 669 denuo
1733 625 1790 670 ab

294 708 344 735 ea
370 692 435 734 nil
460 692 550 734 tale
565 691 789 750 quaesivit.

354 760 512 816 Igitur,
540 760 624 802 sub
650 760 844 817 plurimo
869 760 952 802 Dei
979 760 1153 815 timore,
1190 777 1270 803 nec
1306 762 1467 804 minori
1491 762 1631 805 totius
1648 762 1791 807 affini-

293 828 399 871 tatis
423 833 467 870 et
492 828 687 870 maxime
709 843 860 885 egenae
882 843 1041 870 manus
1070 844 1234 881 amore,
1265 829 1458 872 femina-³
1481 831 1681 888 prudens
1709 846 1791 874 nos

293 902 337 939 et
358 901 511 939 nostra
530 896 730 952 regebat,
752 896 903 950 fidem,
925 912 1061 954 quarn
1077 897 1308 940 adviventi
1329 898 1490 943 marito
1511 903 1787 954 servaverat,

292 970 620 1022 consequenter
641 969 684 1006 et
705 964 866 1006 animae
887 964 1054 1022 duplici
1078 969 1230 1007 tenore
1267 965 1452 1019 ferebat,
1481 966 1589 1018 dum
1624 971 1669 1010 et
1694 981 1790 1009 cor-

294 1033 412 1090 poris
450 1037 650 1075 veterem
691 1033 929 1086 unitatem,
978 1033 1316 1076 subintroducta
1360 1034 1499 1076 altera
1551 1049 1699 1087 carne,
1736 1051 1788 1078 eo

292 1100 551 1155 decedente,
583 1116 673 1142 non
700 1101 876 1154 dividit,
917 1105 960 1143 et
987 1101 1244 1158 quotidiana
1272 1117 1385 1159 pene
1422 1101 1663 1144 salutiferae
1685 1103 1789 1145 hos-

292 1169 365 1212 tiae
404 1168 630 1211 oblatione
663 1169 750 1227 ipsi
786 1169 1023 1212 subvenire
1065 1170 1310 1212 contendit.
1355 1170 1413 1212 Et
1449 1186 1551 1212 cum
1581 1170 1789 1213 omnibus

294 1237 563 1295 pauperibus
582 1237 851 1294 generaliter
870 1242 990 1279 esset
1009 1237 1217 1291 affabilis,
1244 1237 1512 1295 quibusdam
1541 1253 1621 1295 pro
1645 1238 1787 1282 facul-

294 1310 388 1348 tate
409 1306 550 1347 multa
571 1305 714 1347 fuerat
736 1305 1019 1347 miseratione
1044 1305 1241 1348 benefica
1263 1311 1306 1348 et
1341 1305 1543 1363 dapsilis.
1581 1307 1789 1350 Peccato—

295 1389 395 1416 rum
422 1374 540 1416 enim
560 1389 740 1415 suorum
767 1373 982 1415 memoria
1012 1377 1242 1431 tantopere
1263 1373 1526 1430 angebatur,
1560 1375 1667 1428 acsi,
1690 1375 1789 1417 uni-

293 1441 436 1484 versis
476 1441 651 1483 addicta
699 1441 926 1498 nequitiis,
977 1457 1133 1498 poenas
1175 1442 1376 1484 omnium
1429 1457 1528 1500 quae
1571 1447 1789 1499 geruntur

295 1510 515 1551 malorum
537 1509 731 1551 incidere
752 1514 993 1551 vereretur.
1026 1510 1077 1551 In
1101 1510 1357 1566 frugalitate
1387 1510 1519 1567 plane
1537 1509 1636 1552 nflh
1663 1514 1789 1567 pote-

293 1583 377 1630 rat,
399 1593 501 1619 cum
527 1577 819 1619 teneritudini
840 1577 936 1634 ejus
958 1582 1001 1619 et
1027 1578 1128 1619 usui
1149 1578 1328 1620 lautiori
1352 1578 1669 1620 alimentorum
1689 1593 1787 1635 par-

293 1646 483 1688 simonia
506 1645 690 1686 minime
712 1645 986 1688 conveniret.
1007 1645 1080 1687 Ad
1101 1645 1210 1688 alias
1224 1645 1406 1687 omnino
1427 1645 1788 1704 inopinabiliterc

292 1729 339 1756 se
367 1713 605 1755 habebat1.
639 1713 753 1755 Nam
792 1713 911 1755 hisce
945 1713 1087 1755 oculis
1118 1713 1210 1755 vidi
1249 1713 1544 1772 manibusque
1575 1714 1781 1768 tractavi,

289 1782 425 1839 quod,
453 1781 630 1823 cultiori
651 1781 931 1823 extrinsecus
965 1782 1235 1838 aliquotiens
1261 1786 1388 1824 veste
1420 1787 1658 1839 praetensa,
1685 1781 1784 1824 cili-

292 1850 360 1892 cio
383 1849 692 1906 hispidissimo
719 1854 1032 1906 contegeretur
1044 1850 1101 1891 ad
1123 1850 1309 1903 nudum,
1330 1865 1410 1892 nec
1431 1849 1577 1892 solum
1591 1846 1789 1893 interdiu

293 1917 575 1974 adportabat,
604 1917 683 1958 sed
704 1917 855 1968 etiam,
881 1918 1000 1975 quod
1020 1918 1210 1960 delicato
1242 1917 1483 1960 admodum
1514 1917 1644 1960 valde
1663 1917 1786 1960 inso-

293 1986 392 2027 lens
417 1991 512 2028 erat
534 1985 724 2042 corpori,
749 1985 794 2026 in
818 2000 868 2027 eo
886 1985 984 2042 ipso
1005 1986 1212 2027 noctibus
1238 1985 1482 2029 cubitabat.

354 2053 598 2095 Nocturnis
625 2053 782 2095 officiis
809 2053 885 2094 vix
908 2057 985 2095 aut
1017 2053 1280 2110 nunquamd
1301 2054 1466 2106 deerat,
1491 2069 1591 2095 cum
1622 2053 1787 2095 divinis

293 2122 572 2179 temporibus
603 2121 856 2163 communia
893 2121 975 2163 Dei
1013 2121 1178 2179 populo
1212 2116 1515 2178 frequentaret
1541 2121 1635 2164 :sic
1664 2121 1788 2179 equi-

294 2191 412 2243 dem,
440 2195 489 2231 ut
519 2190 851 2247 capellanorum
879 2189 1079 2231 studium
1103 2189 1362 2232 indesinens
1389 2189 1649 2246 nunquamd
1674 2204 1787 2247 pene

293 2258 413 2316 apud
447 2258 592 2314 ipsam
630 2274 655 2299 a
707 2258 790 2299 Dei
826 2257 971 2299 laudis
1017 2258 1275 2300 celebritate
1316 2262 1508 2300 vacaret.
1568 2257 1786 2315 Conjugis

294 2326 494 2368 defuncti
517 2325 684 2367 mentio
701 2325 810 2367 adet)
833 2325 975 2368 fuerat
989 2325 1086 2382 ejus
1104 2325 1226 2383 jugis
1261 2326 1306 2367 in
1335 2342 1424 2379 ore,
1453 2330 1503 2368 ut
1529 2325 1642 2367 nihil
1665 2325 1787 2367 aliud

293 2394 442 2436 animo
479 2393 661 2436 volvere
691 2393 933 2447 videretur,
965 2394 1087 2446 dum,
1123 2394 1239 2436 inter
1269 2394 1504 2445 orandum,
1534 2394 1650 2435 inter
1670 2393 1786 2435 elee-

295 2477 509 2519 mosynas
553 2461 851 2519 largiendum,
915 2462 1031 2504 inter
1071 2462 1206 2503 etiam
1254 2461 1503 2518 vulgariter
1543 2461 1784 2523 agendum,

335 2584 366 2606 a.
385 2573 532 2614 foemina
548 2574 592 2605 D.
607 2591 649 2596 —
664 2573 699 2605 b.
721 2572 815 2604 nihil
832 2573 877 2604 D.
900 2591 937 2595 —
955 2583 984 2604 c.
999 2572 1301 2614 inhopinabiliter
1315 2574 1353 2605 B.
1371 2591 1413 2596 -—
1428 2573 1462 2605 d.
1484 2582 1682 2615 numquam
1700 2572 1744 2604 D.

338 2743 366 2771 1.
392 2740 447 2771 Ad
461 2739 550 2771 alias
569 2742 624 2771 est
645 2739 860 2777 insuffisant,
883 2740 902 2770 a
923 2739 1039 2770 moins
1057 2739 1143 2780 qu'il
1161 2749 1204 2771 ne
1228 2740 1322 2771 saille
1341 2739 1614 2771 sous-entendre
1632 2739 1786 2779 feminas

295 2791 341 2812 ou
361 2791 428 2813 res.
454 2780 737 2823 Inopinabiliter
755 2783 810 2812 est
828 2791 875 2811 un
893 2783 969 2812 mot
987 2781 1030 2811 de
1049 2782 1082 2811 la
1099 2781 1315 2812 decadence.

1897 276 1930 337 ’ἃ

1908 338 1930 432 ’ἓ
