1930 3224
540 241 638 270 vnN.
674 241 869 270 omnem]
906 240 1013 269 v1TAE
1045 240 1164 268 mmm
1198 241 1212 268 1
1576 226 1630 268 93

86 362 88 368 =
96 346 185 388 w
195 341 208 371 ¹
228 341 360 384 ferire
382 340 592 399 prosiliit.
618 339 823 397 Cumque
844 338 920 381 ille
942 338 1205 396 pavefactus
1235 338 1463 392 cessisset,
1482 339 1633 381 homi-

99 418 232 457 uun
265 409 497 455 oestimans
535 423 671 467 quem
706 407 919 450 hesterno
961 407 1225 460 ειιοιιί555ῐᾶ,
1271 407 1316 449 in
1364 422 1411 449 se
1449 407 1632 450 tandem

73 477 103 498 Ὗ·
100 476 276 532 rediit,
302 482 348 520 et
366 477 476 520 dum
498 476 613 519 ostia
638 476 860 519 forinseca
881 477 1031 518 clausa
1064 480 1242 533 pensat,
1277 475 1508 519 diabolum
1532 481 1635 518 tan-

75 577 95 591 2
111 543 235 592 dem
261 545 401 590 fuisse
435 545 643 598 credidit,
679 545 758 604 qui
787 544 871 587 hoc
903 544 1032 602 signo
1065 560 1199 587 suum
1231 560 1346 602 opus
1374 544 1419 586 in
1451 544 1634 587 homine

92 614 376 659 denotavit.

57 683 109 738 ᾗς
147 683 239 729 ln
267 682 486 726 hiemalib
512 687 715 740 tempore
745 683 854 725 dum
884 682 941 724 ad
990 686 1164 724 naturae
1194 682 1412 740 requisita
1444 697 1633 724 consur-

58 738 98 777 Ῑ
123 756 268 810 fieret,
301 751 468 795 solitis
481 751 609 794 indui
637 751 894 809 pigritans*2
919 750 1012 792 sola
1043 750 1221 793 cuculla
1255 751 1552 803 vestiebatur,
1588 755 1634 794 et

27 872 34 883 Ι
62 810 97 850 21?
125 819 244 864 inter
271 835 422 863 moras
458 819 562 863 illas
600 819 766 895 frigore
799 819 1030 861 mortifeio
1065 818 1330 876 angebatur.
1360 820 1454 862 Nee
1488 819 1632 862 multo

125 893 229 949 post
253 893 558 932 extremarum
594 875 824 946 corporisc
862 888 1059 945 partium
1093 892 1269 930 tumore
1305 888 1549 945 perductus
1576 888 1631 930 ad

51 958 76 1011 j}
125 961 332 1011 mortem,
362 972 527 999 nomen
545 957 695 1014 ipsum
724 956 884 998 mortis
907 955 1011 1013 plus
1034 955 1196 1013 justod
1219 955 1408 998 moleste
1442 955 1627 999 ferebat.

43 1033 73 1079 ᾗῇ
124 1023 330 1086 Cumque
353 1025 678 1078 indesinenter,
704 1026 792 1068 heu
818 1024 930 1068 lsibi
954 1025 1037 1067 sub
1062 1025 1201 1067 tantis
1234 1024 1505 1067 moeroribus
1540 1026 1607 1067 cla
1623 1051 1632 1057 -

123 1095 318 1146 mitaret,
342 1093 400 1137 ad
414 1099 666 1137 extremam
686 1093 871 1136 devenit
906 1093 1081 1136 horam.
1107 1093 1195 1146 Qui
1227 1098 1406 1151 sumpta
1430 1108 1632 1136 commu-

121 1159 274 1218 nione,
301 1167 347 1206 et
373 1178 452 1222 per
472 1163 555 1206 Dei
572 1163 767 1220 gratiam
790 1166 981 1215 retenta,
1007 1161 1188 1218 (caetera
1210 1162 1332 1204 enim
1352 1161 1633 1205 redibantad

121 1231 380 1290 vomitum),
413 1231 626 1290 spiritum
656 1231 753 1289 jam
779 1230 1015 1273 laborabat
1044 1229 1297 1274 absolvere.
1331 1230 1507 1273 Interea
1527 1246 1631 1273 cum

33 1308 58 1350 ,sp
122 1301 219 1344 haec
237 1301 381 1359 prima
405 1300 564 1343 fierent
596 1300 705 1343 hora
735 1300 897 1354 noctis,
919 1303 963 1342 et
983 1304 1137 1341 custos
1162 1299 1364 1341 ecclesiae
1393 1299 1462 1342 vir
1485 1299 1632 1342 bonus

121 1384 221 1412 sese
261 1368 466 1412 cubitum
507 1368 791 1421 collocasset,
831 1383 932 1411 ecce
978 1367 1104 1410 audit
1143 1368 1189 1410 in
1228 1368 1466 1420 cimiterio,
1512 1368 1633 1426 quod

115 1438 247 1497 juxta
269 1442 381 1492 erat,
406 1437 611 1491 fratrum,
636 1437 1014 1480 innumerabilem
1040 1436 1300 1479 daemonum
1327 1436 1630 1495 frequentiam

121 1504 396 1551 consedisse.
418 1506 506 1559 Qui
526 1521 630 1549 cum
650 1505 842 1548 liberum
863 1505 920 1548 ad
935 1506 1029 1548 haec
1044 1505 1282 1548 sentienda
1298 1505 1484 1549 haberet
1498 1506 1631 1548 intel-

121 1575 305 1628 lectum,
326 1575 527 1633 potentia
549 1580 702 1617 tamen
731 1575 928 1632 quadam
964 1574 1187 1632 spirituali
1211 1574 1540 1632 deprimeretur
1573 1575 1631 1618 ad

120 1643 289 1703 linguae
311 1648 357 1686 et
381 1643 582 1701 eorporis
602 1648 792 1696 motum,
820 1643 1052 1685 introeunt
1070 1642 1323 1698 ecclesiam,
1348 1648 1393 1685 et
1413 1648 1520 1686 ante
1541 1644 1630 1686 lee-

120 1717 219 1756 tum
235 1713 334 1771 ejus
350 1717 652 1766 transeuntes,
677 1712 794 1754 inter
813 1712 1001 1754 chorum
1016 1717 1060 1754 et
1080 1711 1221 1754 altare
1241 1727 1340 1754 sese
1352 1712 1625 1770 proripiunt,

120 1785 167 1825 et
188 1781 247 1824 ad
261 1781 450 1824 domum
475 1796 563 1839 qua
590 1780 889 1824 decumbebat
909 1785 1107 1838 aegrotus
1134 1780 1395 1825 intendunt.
1422 1781 1631 1839 Cumque

121 1849 214 1905 ille,
239 1849 316 1909 qui
338 1850 424 1893 ista
440 1849 698 1893 mentaliter
718 1849 814 1892 fieri
834 1849 1074 1902 sentiebat,
1101 1849 1247 1891 Deum
1270 1854 1321 1892 ut
1341 1849 1398 1892 ab
1415 1849 1470 1891 iis
1485 1851 1632 1892 salva-

63 1954 70 1974 ,
119 1924 245 1962 retur
284 1918 330 1961 in
373 1918 535 1977 spiritu
562 1923 782 1971 exoraret,
820 1933 902 1960 nec
931 1929 1083 1960 causa⁴
1107 1918 1267 1960 mortis
1306 1922 1486 1961 tantum
1531 1919 1631 1976 cogi

118 1987 366 2038 exercitum
386 1987 628 2046 ignoraret,
657 2002 762 2029 mox
782 1992 832 2030 ut
848 1987 906 2029 ad
919 1986 1135 2029 cellulam
1153 1987 1438 2045 agonizantis
1450 1995 1467 2013 ‘³
1480 1987 1628 2030 attin-

118 2061 250 2115 gunt,
277 2055 453 2112 fratres,
472 2056 551 2115 qui
569 2056 684 2099 circa
700 2056 969 2099 morientem
992 2055 1184 2108 fuerant,
1204 2055 1258 2098 ad
1283 2056 1629 2099 convocandum

118 2125 311 2168 aliorum
331 2129 607 2168 conventum
630 2124 829 2167 tabulam
849 2126 865 2153 3
887 2140 941 2167 ex
965 2140 1087 2167 more
1110 2125 1383 2182 percutiunt.
1403 2124 1503 2177 Quo
1519 2126 1625 2167 dum

61 2203 63 2207 ⁴
119 2194 404 2247 convenitur,
419 2193 495 2236 ille
507 2209 588 2237 nec
609 2209 734 2236 mora
749 2194 1005 2236 resolvitur.
1024 2190 1156 2246 Q'uod
1167 2193 1333 2236 idcirco
1346 2194 1364 2228 Γ
1375 2193 1623 2246 retulerim,

119 2277 210 2305 non
233 2262 355 2322 quod
374 2262 420 2304 in
446 2262 694 2321 malignam
720 2262 846 2305 illam
872 2267 1047 2320 partem
1071 2278 1175 2305 eum
1198 2262 1389 2305 cessisse
1422 2262 1626 2304 eredide-

119 2330 220 2384 rim,
258 2331 339 2374 sed
372 2331 494 2390 quod
523 2347 681 2374 omnes
713 2347 890 2374 mecum
919 2347 1108 2389 pensare
1145 2346 1474 2383 commoneam,
1507 2331 1630 2390 quod

161 2463 194 2486 a.
219 2453 427 2486 arcissetB.
444 2453 601 2488 aruisset
626 2453 668 2485 D.
688 2471 727 2477 —
747 2453 782 2485 b.
803 2452 965 2495 hyemali
986 2453 1032 2484 D.
1048 2471 1088 2476 —
1119 2463 1149 2486 c.
1168 2453 1311 2494 coporis
1336 2453 1380 2486 D.
1399 2471 1441 2476 ——
1466 2453 1501 2485 d.
1525 2453 1628 2495 juste

119 2494 148 2527 B
165 2496 217 2537 (et
233 2495 289 2559 D).
308 2514 350 2519 —
365 2505 395 2528 e.
415 2495 515 2529 Corr.
535 2495 579 2527 de
598 2496 642 2528 D.
660 2494 860 2538 ayonizans
879 2495 918 2527 B.
944 2513 976 2519 ——
994 2495 1022 2535 f.
1043 2494 1175 2527 iccirco
1194 2495 1237 2527 D.

140 2684 142 2686 -
162 2668 192 2698 1.
218 2664 446 2698 C'est-a-dire
461 2665 607 2697 Omont.

159 2710 190 2738 2.
215 2707 294 2739 Mot
310 2707 354 2739 de
377 2707 410 2739 la
431 2706 635 2738 decadence
651 2719 693 2735 =
709 2706 846 2738 Tardcr
860 2717 926 2747 par
942 2716 1087 2748 paresse
1102 2707 1149 2747 (v.
1170 2705 1456 2748 dep.pi9ritor).

159 2751 189 2781 3.
215 2749 243 2781 11
254 2749 357 2789 s'agit
370 2749 434 2781 des
445 2749 638 2790 cliquettes
651 2749 711 2789 qui
723 2752 806 2780 sont
817 2748 1026 2789 employees
1038 2749 1128 2780 dans
1140 2749 1191 2780 les
1206 2751 1384 2780 couvents
1397 2757 1625 2779 concurrem-

120 2793 220 2822 ment
235 2801 323 2822 avec
341 2791 392 2822 les
406 2791 550 2823 cloches
569 2790 713 2832 isiyna).
1404 2808 1408 2811 >
