1930 3224
290 238 344 280 58
695 258 793 286 VEN.
830 257 1024 286 sumnam
1058 258 1163 286 vmr:
1194 258 1315 286 LIBER
1347 259 1361 287 1

286 357 506 410 utroque¹
558 354 705 407 rediit,
758 360 802 397 et
844 370 974 397 mane
1014 355 1266 414 quibusque
1308 356 1631 400 sensatioribus
1673 355 1772 402 'visa

287 425 508 474 retexans,
534 427 577 464 et
603 438 705 464 cum
734 423 845 480 ipsis
861 423 1042 480 juvenis
1071 423 1194 465 illius
1216 428 1383 466 statum
1404 425 1771 484 essentiamque&

288 489 534 547 requirenS,
570 491 734 547 reperit
766 491 862 548 ejus
894 491 1094 533 animum
1124 492 1300 534 enixius
1333 492 1387 533 ad
1419 493 1770 550 aggrediendum

287 557 506 599 sanctiora
530 559 790 614 proclivem.
828 559 874 601 Si
898 574 1003 616 ergo
1029 559 1242 617 gaudium
1267 564 1335 602 est
1371 575 1505 617 super
1540 576 1630 603 uno
1662 576 1773 620 pec-s

285 630 432 667 catore
471 641 687 668 converso
725 627 770 668 in
806 627 918 669 coelo
955 642 1090 684 quam
1123 642 1255 685 super
1289 628 1534 685 nonaginta
1570 629 1648 686 qui
1675 625 1782 672 non*

285 693 489 749 indigent
509 694 770 750 poenitentia
794 695 930 752 justis
946 695 977 748 ⁶2,
1012 695 1167 752 procul
1199 695 1334 737 dubio
1361 696 1546 753 plenum
1573 697 1770 754 fideixe‘st

285 761 438 803 hostes
474 762 657 804 humani
689 764 867 819 generis
899 763 1184 805 acerbissima
1220 764 1466 806 invidentia
1503 764 1556 806 de
1591 779 1763 819 eorum,

284 829 360 886 qui
390 834 621 872 mutantur
655 831 701 872 in
731 830 908 884 melius,
944 824 1172 889 ereptione
1208 831 1389 885 tristari,
1415 836 1459 874 et
1482 836 1617 886 certe,
1646 833 1764 882 sieut

284 912 366 953 ego
388 896 517 939 bonis
534 898 673 940 initiis
694 915 930 956 processus
957 899 1098 942 habeo
1118 899 1397 957 pestilentes,
1422 900 1484 942 sic
1505 905 1549 942 et
1571 900 1664 954 ille,
1686 901 1764 959 qui

282 980 306 1006 a
343 965 544 1008 daemone
582 967 893 1009 testimonium
930 972 1176 1025 acceperat,
1220 968 1509 1024 postmodum
1547 968 1765 1026 paulatim

282 1034 550 1090 tepescendo
571 1034 759 1088 refrixit,
796 1041 840 1078 et
859 1035 918 1077 ad
951 1036 1150 1078 studium
1184 1051 1280 1078 sese
1308 1035 1520 1078 saeculare
1549 1037 1759 1090 retorsit;

281 1106 325 1143 et
340 1106 492 1144 tamen
508 1103 684 1145 subitus
695 1103 769 1145 ille
787 1104 1005 1146 bonarum
1021 1108 1275 1146 nostrarum
1290 1104 1575 1147 voluntatum
1589 1109 1758 1158 motus,

280 1169 490 1212 credibile
518 1176 588 1213 est
616 1187 751 1229 quam
784 1172 1048 1228 gravissime
1076 1172 1295 1214 diabolica
1315 1172 1447 1214 corda
1487 1172 1757 1216 morderetb.

280 1238 373 1280 Nec
394 1238 557 1280 mirum
584 1240 622 1281 si
642 1240 790 1282 doleat
817 1240 1035 1282 Diabolus
1068 1240 1324 1298 repentinos
1352 1245 1396 1282 et
1428 1240 1581 1283 futiles
1611 1241 1763 1298 cujus-
1814 1279 1817 1281 ,

279 1306 400 1363 piam
423 1307 684 1364 poenitentis
711 1308 914 1362 affectus,
942 1324 1043 1351 cum
1061 1308 1369 1366 [perfunctoria
1387 1309 1403 1336 3
1429 1308 1618 1351 Achabc
1637 1308 1761 1352 illius

280 1374 458 1417 scelesti
487 1376 606 1433 regis
638 1376 869 1418 humilitas
893 1377 1027 1419 etiam
1061 1377 1238 1419 divinos
1273 1381 1513 1434 antequam
1539 1377 1760 1420 humanos

278 1443 335 1484 ad
355 1458 402 1485 se
427 1443 607 1486 deflexit
633 1450 839 1501 aspectus
869 1458 878 1488 :
909 1446 1026 1487 unde
1056 1445 1292 1497 Dominus,
1320 1444 1365 1486 ni
1397 1444 1545 1498 fallor,
1577 1436 1718 1488 Heliae
1749 1463 1758 1490 :

280 1528 301 1551 «
334 1511 512 1564 Nonne,
535 1512 614 1565 ait,
648 1513 802 1555 vidisti
829 1513 986 1555 Achab
1018 1513 1304 1555 humiliatum
1331 1527 1479 1554 coram
1509 1515 1617 1556 me?
1649 1513 1763 1565 Quia

277 1594 382 1637 ergo
406 1580 669 1623 humiliatus
691 1586 759 1623 est
779 1582 867 1623 mei
890 1597 1039 1634 causa,
1062 1597 1151 1623 non
1175 1580 1361 1623 inferam
1388 1580 1506 1622 mala
1534 1581 1581 1622 in
1604 1581 1763 1624 diebus

278 1647 374 1705 ejus
388 1647 420 1691 4.
452 1666 471 1687 »

813 1797 1043 1855 [CAPUT
1084 1797 1186 1840 XVI
1205 1798 1217 1855 ]

335 1908 450 1951 Cum
471 1925 593 1966 ergo,
623 1910 840 1967 paulatim
865 1915 1172 1952 succrescente
1194 1910 1473 1966 corpusculo,
1497 1910 1632 1952 etiam
1665 1909 1762 1952 ani-

274 1992 394 2018 mam
420 1977 466 2018 in
505 1978 879 2035 concupiscentiis
909 1994 988 2036 pro
1023 1994 1102 2020 suo
1138 1978 1321 2020 modulo
1356 1984 1400 2020 et
1437 1978 1758 2036 cupiditatibus

273 2045 548 2102 prurientem
582 2046 808 2088 saecularis
849 2046 940 2088 vita
974 2046 1201 2099 titillaret,
1243 2046 1456 2088 memoria
1493 2051 1537 2088 et
1579 2047 1761 2088 rotatu-²2

273 2113 559 2166 creberrimo,
598 2114 744 2172 qualis
777 2119 1062 2171 quantusque
1097 2115 1143 2156 in
1177 2114 1340 2156 saeculo
1370 2129 1469 2156 esse
1492 2114 1757 2171 potuissem,

272 2181 426 2223 eadem
452 2197 566 2239 pene
585 2198 762 2239 semper
782 2182 1023 2240 repetendo
1044 2183 1338 2235 revolverem,
1365 2187 1408 2225 et
1427 2182 1571 2224 multo
1588 2181 1757 2239 majora

313 2303 344 2325 a.
366 2294 633 2336 assentiamque
658 2295 751 2326 D.—
773 2294 807 2326 h.
837 2295 933 2326 Corr.
952 2295 995 2325 de
1013 2295 1056 2326 D.
1083 2294 1322 2325 momorderet
1340 2294 1378 2325 B.
1398 2312 1437 2317 —
1458 2304 1487 2325 c.
1507 2293 1648 2324 Achabi
1667 2293 1711 2326 D.

311 2428 341 2456 1.
367 2423 596 2455 C'est-a—dire
621 2424 755 2456 locutio
781 2427 816 2456 et
835 2427 952 2456 motus
977 2425 1131 2466 (Guizot,
1153 2424 1256 2463 Coll.‚
1277 2426 1302 2456 t.
1328 2424 1388 2459 IX,
1405 2434 1439 2465 p.
1458 2423 1543 2464 415),
1560 2433 1606 2454 ou
1624 2431 1758 2454 encore

271 2465 323 2496 les
338 2466 430 2496 deux
446 2475 653 2506 personnes.

314 2510 342 2538 2.
368 2507 454 2546 Luc,
475 2507 552 2543 XV,
575 2510 590 2537 7
612 2517 619 2539 :
640 2506 761 2538 «Dico
784 2508 887 2538 vobis
905 2508 1000 2548 quod
1024 2508 1074 2539 ita
1095 2507 1265 2548 gaudium
1291 2507 1358 2538 erit
1381 2506 1418 2536 in
1441 2506 1532 2537 coelo
1557 2515 1665 2546 super
1690 2515 1759 2537 uno

270 2550 458 2588 peccatore
487 2549 736 2588 poenitentiam
761 2551 901 2589 agente,
921 2559 1026 2589 quam
1048 2558 1156 2590 super
1177 2548 1372 2588 nonaginta
1398 2557 1527 2578 novem
1549 2547 1671 2588 justis,
1697 2547 1756 2588 qui

270 2600 342 2620 non
357 2590 520 2629 indigent
536 2590 758 2630 poenitentia.
779 2604 792 2618 »

312 2635 340 2662 3.
364 2644 405 2658 z
420 2631 497 2662 Fait
515 2631 802 2672 negligemment,
821 2641 865 2662 en
880 2642 1090 2672 apparence.
1111 2632 1188 2663 Mot
1205 2631 1248 2662 de
1263 2631 1296 2662 la
1316 2630 1529 2661 decadence.

312 2674 340 2702 4.
366 2672 423 2703 III
437 2672 485 2703 Re
516 2697 536 2710 .,
556 2673 652 2711 XXl,
673 2675 711 2703 29
724 2673 760 2714 :ga
780 2673 905 2704 Nonne
923 2673 1046 2704 vidisti
1058 2673 1284 2704 humiliatum
1299 2672 1423 2703 Achab
1435 2681 1556 2703 coram
1570 2672 1653 2702 me?
1667 2670 1757 2707 Quia

269 2714 377 2752 igitur
394 2714 492 2745 humi
509 2714 602 2745 iatus
618 2717 673 2745 est
693 2715 762 2744 mei
780 2724 897 2753 causa,
914 2724 985 2745 non
1003 2715 1169 2745 inducam
1184 2714 1315 2745 malum
1333 2714 1368 2744 in
1386 2713 1512 2744 diebus
1531 2713 1620 2753 ejus,
1638 2713 1702 2743 sed
1719 2713 1755 2743 in

270 2755 398 2785 diebus
416 2755 478 2785 filii
500 2756 553 2786 sui
569 2756 718 2786 inferam
737 2756 870 2786 malum
886 2756 1007 2786 domui
1026 2756 1114 2795 ejus.
1137 2769 1150 2784 ι)

313 2799 341 2827 5.
367 2796 516 2828 Rolatus
531 2799 585 2827 est
603 2797 676 2836 pris
694 2797 739 2828 ici
759 2798 846 2828 dans
865 2797 896 2827 lc
915 2807 996 2828 sens
1016 2797 1138 2836 moral,
1158 2807 1236 2827 rare
1252 2810 1292 2824 Ξ
1311 2794 1506 2827 obsession.
