1930 3224
580 271 681 303 vm.
717 271 916 302 nummu-1
936 271 1055 301 -νιτιις
1085 271 1207 301 Lmen
1238 271 1252 299 1
1616 256 1670 300 17

283 402 302 409 ··
341 375 470 418 tanto
499 371 645 416 amico
682 370 877 425 inuram,
915 370 996 414 sed
1027 374 1078 413 ut
1109 369 1337 427 intelligat
1376 369 1567 428 quisque
1594 369 1672 427 qui

276 439 283 447 ”
327 455 389 484 ne
415 439 636 499 quidquid
668 443 958 482 autumamus
989 454 1071 498 pro
1107 443 1230 482 certo
1261 437 1420 480 docere
1458 437 1668 492 velimus,

291 507 700 567 ⁴conjecturarum
737 513 997 550 nostrarum
1025 507 1206 550 nebulis
1243 510 1288 550 et
1323 506 1436 549 alios
1462 506 1671 549 involva-

287 576 524 637 ..proposui
546 576 668 620 enim
691 581 963 634 praesentem
988 576 1069 635 pro
1091 575 1162 619 sui
1181 575 1403 618 tenuitate
1435 574 1671 618 materiam

262 645 425 700 “atione
457 645 656 703 condire,
685 649 736 687 ut
766 644 805 687 si
831 644 1024 687 alterum
1061 644 1211 687 minus
1238 643 1587 703 appretiandum
1627 647 1672 686 et

249 742 260 753 ω
337 718 642 773 computatur,
668 713 864 756 alterum
881 713 1153 773 aliquotiens
1168 727 1318 771 operae
1331 712 1527 772 pretium
1551 712 1673 754 aesti-

735 1003 966 1063 [CAPUT
1009 1004 1099 1063 vl]
1153 970 1157 974 ’

204 1146 440 1215 jQuamvis
487 1170 594 1212 ergo
627 1159 754 1199 tanta
808 1169 879 1196 me
929 1153 1170 1197 severitate
1223 1153 1511 1211 deprimeret,
1557 1153 1670 1196 alias

254 1239 313 1268 en
335 1223 548 1268 omnibus
572 1223 719 1266 modis
744 1222 1034 1281 propatulum
1054 1221 1260 1275 faciebat,
1295 1222 1417 1280 quod
1451 1237 1522 1264 me
1554 1237 1670 1281 pene

195 1295 254 1337 ἰιι
275 1291 362 1336 alia
393 1307 529 1352 quam
562 1307 611 1335 se
647 1291 865 1335 charitate
900 1290 1127 1349 diligeret.
1170 1290 1300 1333 Adeo
1338 1306 1501 1349 nempe
1540 1291 1671 1349 vigili

174 1352 274 1409 filhi
309 1360 599 1405 solicitudine
625 1359 932 1414 incumbebat,
976 1359 1087 1402 adeo
1129 1364 1313 1418 propter
1355 1359 1671 1418 quorundama

128 1420 438 1475 wdentms
475 1428 613 1473 saluti
648 1445 759 1472 meae
803 1428 1084 1488 providebat,
1127 1428 1357 1471 obsoletos
1393 1428 1666 1486 aliquorum,

97 1509 240 1569 qm
261 1498 375 1546 mihi
397 1497 771 1554 observabantur,
791 1513 956 1548 mores,
980 1502 1149 1556 quanta
1174 1513 1379 1540 caverem
1398 1497 1670 1541 auctoritate

110 1562 368 1622 ‘edocebat
401 1571 592 1615 matrem
631 1582 766 1626 super
791 1566 1044 1610 cultissimo
1073 1582 1275 1610 mearum
1297 1567 1495 1609 vestium
1531 1583 1670 1626 appa-

104 1633 262 1686 mtu
273 1635 498 1717 tantisper
518 1635 724 1695 urgebat,
754 1640 806 1679 ut
824 1651 917 1678 non
942 1635 1199 1694 paedagogi,
1230 1635 1310 1678 sed
1332 1635 1547 1693 parentis,
1578 1651 1669 1678 non

142 1704 360 1767 &erpotis
385 1705 475 1749 mei
499 1705 708 1757 tutelam,
746 1705 826 1747 sed
859 1705 1021 1748 animae
1054 1720 1208 1747 curam
1243 1720 1375 1762 agere
1410 1709 1664 1762 putaretur.

102 1763 276 1831 mihi
300 1789 407 1818 vero
437 1767 546 1818 licet
567 1789 648 1832 pro
669 1778 802 1816 aetate
826 1773 979 1816 hebeti
998 1778 1135 1831 atque
1158 1773 1336 1831 pusiolo
1372 1777 1498 1816 tanta
1528 1784 1670 1831 penes

111 1846 263 1898 ”·μς·Ῑιιι
283 1842 552 1890 vicissitudo
587 1842 756 1886 amoris
782 1842 1045 1895 incesserat,
1081 1842 1189 1885 licet
1219 1841 1360 1900 gratis
1401 1842 1669 1885 multotiens

66 1935 68 1941 ν
109 1908 170 1925 ³
183 1910 405 1956 uticulam
446 1926 596 1955 meam
646 1911 803 1954 multis
850 1911 1076 1954 vibicibus
1113 1910 1446 1970 proculcaretb,
1487 1916 1538 1954 ut
1576 1927 1669 1954 non

72 1974 319 2042 metu,
315 1980 409 2040 qui
427 1980 476 2024 in
501 1980 716 2058 aequaevis
751 1980 935 2035 assolet,
970 1980 1050 2023 sed
1085 1980 1237 2023 nescio
1275 1995 1364 2039 quo
1402 1979 1668 2023 medullitus

105 2073 142 2104 -50
124 2044 296 2106 insito
318 2064 487 2104 amore,
512 2049 571 2118 ei,
598 2048 741 2093 totius
766 2048 867 2107 ejus
890 2048 1151 2108 asperitatis
1169 2048 1353 2102 oblitus,
1376 2048 1664 2108 obsequerer.

107 2114 320 2163 Multus
356 2123 476 2163 certe
525 2118 691 2178 saepius
753 2118 1078 2177 experimentis
1131 2118 1249 2161 idem
1307 2134 1377 2161 me
1433 2119 1664 2176 magister,

160 2192 393 2248 materque
414 2191 665 2242 tentarunt,
694 2203 798 2231 cum
826 2187 1031 2231 debitum
1057 2203 1128 2230 me
1159 2187 1245 2230 sibi
1267 2187 1508 2246 utrobique
1530 2188 1667 2231 timo-

109 2264 254 2307 rem
276 2271 404 2316 aeque
428 2255 662 2301 redhibere
683 2257 906 2310 viderent,
924 2263 1079 2300 utrum
1106 2256 1190 2299 sub
1213 2257 1348 2299 unius
1384 2257 1448 2300 rei
1478 2257 1667 2315 imperio

110 2325 430 2372 alterutrum
453 2325 663 2386 praeferre
676 2342 1017 2403 praesurnerem.

163 2389 166 2395 ¹
220 2394 386 2439 Incidit
418 2394 602 2439 tandem
647 2395 840 2448 occasio,
895 2395 941 2437 in
994 2410 1083 2453 qua
1132 2401 1292 2438 neutro
1337 2410 1491 2438 eorum
1535 2409 1670 2453 super

60 2489 68 2505 a
122 2469 135 2483 ⁸
188 2454 422 2523 ujusinodi
444 2463 554 2523 quid
573 2469 735 2523 agente
761 2463 933 2507 factum
966 2464 1171 2507 constitit
1194 2464 1364 2523 absque
1399 2463 1494 2506 ulla
1524 2462 1669 2506 ambi-

226 2532 333 2590 'tate
362 2532 633 2592 periculum.
673 2532 823 2577 Semel
861 2532 907 2575 in
940 2532 1097 2576 schola
1139 2532 1461 2591 vapulaveram
1495 2532 1669 2592 (schola

62 2605 314 2662 gz-fflutem
335 2617 429 2645 non
460 2601 547 2646 alia
582 2606 679 2645 erat
717 2617 855 2660 quam
880 2601 1109 2659 quoddam
1130 2601 1294 2644 domus
1327 2606 1495 2644 nostrae
1526 2600 1668 2644 tricli-

78 2665 122 2713 ³2¹
161 2669 323 2731 nium).
358 2670 570 2715 Aliorum
603 2670 741 2727 enim,
783 2685 898 2728 quos
937 2669 1180 2729 aliquando
1215 2670 1382 2713 docens
1415 2674 1666 2729 acceperat,

202 2810 240 2836 ε.
263 2801 509 2845 quorumdam
532 2801 581 2835 D.
605 2819 648 2826 —-·
670 2801 705 2834 b.
725 2799 826 2834 Corr.
846 2801 890 2833 de
914 2800 958 2834 D.
973 2801 1204 2844 prosulcat-et
1223 2800 1263 2834 13.

290 2879 365 2908 Ven.
385 2879 536 2909 Guiberti
556 2879 632 2907 vita.
1411 2888 1414 2892 ⁴
1491 2878 1509 2904 2
