1930 3224
593 232 694 266 vnn,
730 232 926 262 summm
963 233 1069 263 vrrAE
1100 233 1222 262 unsa
1253 232 1267 262 1
1621 221 1677 266 69

178 334 418 380 immutato
466 333 746 377 locutionum
801 333 958 376 ordine
995 333 1122 377 initia
1171 323 1540 378 continuarentur
1585 336 1642 378 ad
1660 345 1677 364 ⁸

177 418 454 463 supremum.
476 402 527 446 In
547 417 638 462 quo
664 402 882 460 opusculo
905 418 963 444 an
985 402 1197 460 cuiquam
1219 402 1483 460 profecerim
1504 404 1671 459 nescio,

176 471 402 533 placuisse
426 476 579 516 tamen
599 470 828 530 plerisque
843 469 864 497 ι)
887 471 1132 529 plurimum
1154 470 1345 514 literatis
1374 487 1464 514 non
1487 472 1644 516 dubito
1663 489 1672 527 3

177 541 262 584 hoc
286 555 395 584 vero
417 545 591 584 certum
617 539 739 598 quod
770 555 861 582 non
885 555 1045 597 parum
1065 540 1292 583 commodi
1315 540 1426 583 mihi
1447 541 1671 598 praestitit,

175 609 223 654 in
240 614 461 669 quantum
488 624 574 662 me,
596 608 802 651 ministro
824 608 1054 662 vitiorum,
1078 608 1287 651 liberavit
1308 608 1364 651 ab
1384 609 1492 653 otio.

234 678 404 736 Scripsi
423 678 594 720 interea
615 682 661 720 et
675 684 691 704 ⁶
711 677 1007 735 capitularem
1027 677 1232 720 libellum
1246 677 1301 720 de
1322 677 1512 720 diversis
1527 678 1674 721 Evan-

44 719 67 758 ··.
116 760 118 764 ’
174 745 446 807 gelicorumd
459 750 505 789 et
518 745 887 804 propheticorum
910 746 1195 788 voluminum
1210 746 1464 798 sententiis,
1488 746 1542 790 de
1558 747 1672 789 libro

175 815 380 870 Numeri,
412 815 567 868 Josue‚
612 814 914 872 Judicumque
949 814 1101 874 aliqua
1141 814 1394 864 inserens1,
1437 815 1509 858 cui
1562 816 1687 859 huc-v

172 898 319 944 usque
339 884 477 927 finem
496 883 602 926 dare
629 883 803 935 differo,
825 883 929 941 quia
950 884 1021 926 his
1044 883 1270 941 explicitis
1292 900 1392 943 quae
1413 884 1674 942 impraesen-

171 951 338 997 tiarum
358 957 506 1006 teneo,
527 952 575 995 in
590 952 816 995 similibus
832 952 1027 995 exerceri
1047 952 1322 1011 aliquotiens
1343 953 1399 1011 (si
1413 952 1503 996 vita
1521 969 1671 996 comes

168 1020 338 1080 fuerit),
363 1021 459 1064 Deo
476 1026 763 1080 suggerente,
787 1020 1002 1065 delibero.
1026 1021 1076 1064 In
1091 1037 1286 1079 quorum
1295 1021 1501 1079 plurimis
1517 1027 1670 1080 tropo-

168 1090 358 1149 logiam,
401 1090 448 1133 in
489 1090 645 1149 paucis
674 1090 939 1148 allegoriam
972 1094 1171 1144 secutus,
1195 1090 1418 1133 eundeme
1452 1106 1587 1149 quem
1622 1090 1667 1133 in

169 1158 339 1203 Genesi
390 1158 636 1202 habueram
681 1174 854 1201 morem
888 1159 1025 1216 gessi.
1079 1159 1219 1202 Porro
1251 1158 1299 1200 in
1340 1159 1506 1202 Genesi
1541 1159 1671 1202 ideof

170 1227 458 1287 potissimum
486 1227 731 1271 moralitati
763 1227 954 1279 intendi,
984 1243 1074 1270 non
1104 1227 1227 1285 quod
1258 1226 1305 1269 in
1333 1243 1469 1270 sensu
1495 1228 1666 1286 allego-

167 1296 280 1351 rico,
313 1296 352 1339 si
378 1296 545 1355 pariter
564 1296 1101 1350 elaborarem,sentienda
1133 1296 1390 1349 deficerent,
1433 1297 1511 1339 sed
1546 1297 1667 1356 quod

163 1365 334 1426 Judicio
357 1381 460 1408 meo
486 1365 741 1424 allegoricis
768 1365 953 1408 moralia
981 1365 1092 1408 satis
1127 1365 1211 1407 hoc
1242 1369 1444 1423 tempore
1485 1365 1666 1408 utiliora

166 1438 390 1494 putarem,
422 1434 510 1478 fide
544 1450 601 1478 ex
644 1435 738 1477 Deo
770 1434 827 1477 ad
860 1434 1088 1492 integrum
1121 1438 1286 1487 stante,
1319 1434 1521 1477 moribus
1551 1450 1664 1492 pene

167 1503 371 1547 omnium
393 1503 635 1562 multiplici
657 1503 774 1546 vicio
801 1503 1069 1561 profligatis,
1099 1508 1144 1546 et
1173 1503 1294 1561 quod
1319 1503 1364 1545 in
1390 1503 1664 1546 immensum

166 1572 352 1616 tendere
373 1587 487 1632 opus
509 1587 600 1615 non
624 1587 735 1615 meae
759 1571 904 1615 fuerat
930 1571 1123 1615 licentiae
1143 1576 1221 1614 aut
1241 1571 1505 1615 voluntatis.

694 1757 926 1817 [CAPUT
957 1757 1135 1815 xvin]

219 1908 365 1968 Igitur
387 1912 532 1952 mater
549 1908 694 1951 bonos
717 1912 939 1967 quantum
956 1907 1012 1951 ad
1030 1907 1266 1951 scientiam
1293 1923 1417 1951 meos
1441 1908 1660 1953 admirata

160 1993 416 2031 successuS,
445 1977 579 2021 valde
598 1977 820 2020 aestuabat
847 1992 982 2035 super
1007 1976 1190 2020 lubricae
1217 1977 1505 2036 aetatis'quos
1532 1993 1660 2021 vere-

159 2046 294 2090 batur
325 2045 603 2090 excessibus.
634 2045 767 2089 Unde
795 2050 842 2088 et
879 2045 950 2088 sui
985 2061 1057 2088 me
1086 2045 1359 2088 imitatorem
1394 2046 1490 2089 fieri
1522 2062 1660 2104 quam

161 2114 319 2176 sedulo
345 2114 624 2174 postulabat,
661 2114 734 2158 cui
759 2130 863 2157 cum
890 2114 1014 2157 Deus
1034 2114 1232 2173 speciem
1251 2118 1488 2173 tantopere
1520 2131 1656 2173 praes-

158 2183 330 2229 titisset
341 2190 379 2238 ⁹,
403 2183 465 2227 ita
481 2182 729 2243 quidquidh
750 2183 796 2225 in
809 2199 856 2226 se
872 2182 1142 2226 laudabatur
1155 2183 1435 2241 posthabuit,
1451 2183 1542 2226 acsi
1559 2199 1658 2227 sese

157 2251 424 2297 nullatenus
472 2251 711 2312 pulchram
750 2251 929 2306 scisset,
973 2252 1036 2295 ita
1068 2252 1336 2295 viduitatem
1374 2252 1530 2306 coluit,
1565 2253 1659 2295 acsi

156 2321 380 2376 maritalia
404 2335 584 2380 semper
610 2320 752 2364 debiti
780 2320 943 2363 cubilis
964 2320 1207 2379 impatiens
1234 2321 1498 2366 horruisset.
1526 2321 1658 2364 Nosti

153 2395 326 2444 tamen,
371 2389 581 2444 Domine,
626 2390 736 2448 quid
764 2389 885 2443 fidei,
924 2389 1033 2448 quid
1071 2390 1237 2432 amoris
1273 2389 1409 2433 etiam
1445 2390 1657 2433 defuncto

153 2458 243 2518 ipsi
258 2474 342 2502 suo
357 2458 505 2517 jugali
521 2458 752 2513 detulerit,
789 2474 926 2517 quam
961 2458 1200 2502 cotidianis
1241 2474 1356 2518 pene
1408 2459 1654 2513 sacrificiis,

196 2581 229 2604 a.
252 2571 353 2604 Corr.
390 2571 435 2604 de
474 2571 501 2603 B
542 2571 591 2613 (et
614 2571 673 2613 D).
712 2571 758 2603 ad
786 2571 828 2602 X.
866 2590 908 2594 —
926 2570 961 2604 b.
980 2571 1109 2614 plaeris
1141 2582 1183 2604 ue
1200 2572 1241 2604 B.
1259 2591 1299 2596 —
1317 2582 1345 2605 c.
1371 2582 1524 2613 manque
1551 2572 1594 2603 D.
1617 2590 1657 2596 —

154 2612 190 2646 d.
217 2612 494 2656 evanyeliorum
520 2613 566 2646 D.
595 2631 635 2637 —
667 2623 696 2645 e.
718 2613 882 2645 eumdem
906 2613 949 2645 D.
977 2613 1061 2655 —f.
1078 2624 1099 2646 a
1127 2615 1214 2646 eoD
1232 2615 1294 2655 qui
1319 2624 1473 2655 propose
1507 2613 1598 2647 ideo.
1615 2633 1658 2637 —

153 2665 191 2699 9.
209 2654 255 2687 D.
280 2654 516 2697 prestitisset.
531 2673 568 2679 —
591 2655 626 2688 h.
644 2655 825 2698 quicquid
851 2655 894 2687 D.

197 2790 228 2820 1.
252 2785 495 2830 V.1’1ntrod.,
513 2799 548 2830 p.
564 2799 637 2829 xvi,
656 2798 691 2820 n.
707 2790 736 2820 4.
