1930 3224
308 219 394 262 224
695 235 790 263 VEN.
828 234 1017 262 umssssa‘rn
1050 235 1157 263 vrrAE
1190 235 1308 262 ιιΒΕιι
1341 235 1383 262 ιιι

303 330 553 374 infercierat
586 332 735 374 lucris.
780 333 979 374 Tandem
1014 331 1299 374 metallorum
1329 331 1526 389 plurium
1563 332 1792 375 montibus

305 400 558 452 cumulatis,
607 415 839 456 spuremas
879 399 1029 457 attigit
1071 400 1220 442 horas.
1263 399 1319 441 Et
1367 415 1467 442 ecce
1509 400 1555 442 in
1598 400 1794 443 hominis

302 468 446 525 specie
474 467 679 509 diabolus
703 468 900 519 advenit,
923 467 1083 509 bovem
1101 467 1279 524 nigrum
1300 483 1390 525 prae
1418 483 1464 510 se
1493 468 1683 511 ducens.
1708 467 1794 520 Qui

302 535 533 577 morientis
560 535 725 577 lectulo
760 540 941 578 astans:
984 554 1003 574 «
1049 536 1285 587 Dominus,
1321 536 1482 594 inquit,
1506 524 1642 578 ⁴meus
1674 535 1793 579 hunc

301 604 382 646 tibi
404 603 566 645 bovem
587 603 740 645 mittit.
767 621 786 642 η
814 603 898 645 Cui
915 617 1055 660 aeger:
1081 621 1100 642 «
1125 603 1353 654 Gratulor,
1381 604 1457 657 ait,
1490 603 1671 646 domino
1691 618 1791 646 meo

302 687 382 729 pro
404 687 586 713 munere
608 689 645 714 ».
676 671 806 713 Unde
823 679 840 697 ἃ
860 671 1005 728 inquit
1025 672 1081 712 ad
1106 669 1300 713 uxorem¹
1319 685 1469 715 suam:
1499 690 1518 711 «
1545 672 1602 714 Et
1621 671 1791 714 homini

303 740 379 797 qui
411 739 574 781 bovem
608 739 809 792 adduxit,
846 754 1009 796 appara
1043 740 1162 796 quod
1198 740 1418 793 comedat,
1449 739 1610 782 bovem
1639 744 1789 782 autem

305 807 569 860 intromitte,
597 812 641 848 et
662 806 773 848 bene
803 822 981 849 asserva
1015 825 1050 849 ».
1082 807 1221 860 Dixit,
1244 813 1287 849 et
1314 807 1538 865 extemplo
1555 807 1577 834 Ι)
1603 807 1787 851 efflavit.

306 875 490 917 Interim
511 880 661 916 tamen
683 875 816 916 homo
836 880 1052 932 tanquam
1075 891 1356 917 comessurus
1376 875 1629 932 inquiritur,
1662 875 1790 918 bovi-

304 960 388 1001 que
414 943 576 1000 pabula
604 942 879 995 deferuntur,
914 943 991 985 s'ed
1023 948 1180 985 neuter
1204 944 1434 1001 reperitur.
1475 944 1660 986 Factum
1685 959 1790 1001 ergo

307 1012 457 1054 cuncti
478 1011 697 1052 mirantur
716 1016 759 1052 et
783 1011 981 1061 horrent,
1013 1026 1094 1053 nec
1114 1011 1219 1053 boni
1243 1011 1472 1069 quippiam
1494 1012 1609 1054 tales
1632 1026 1791 1054 mune-

308 1096 405 1122 rum
422 1079 658 1121 missiones
679 1079 943 1136 portendere
960 1084 1159 1122 censent.
1185 1079 1357 1121 Funere
1376 1083 1604 1137 apparato,
1628 1083 1671 1121 et
1694 1094 1791 1122 cor-

309 1164 415 1205 pore
436 1148 481 1189 in
502 1147 677 1190 libitina
701 1148 863 1200 locat0,
886 1147 1110 1205 processio
1139 1147 1415 1200 clericorum,
1434 1151 1646 1190 consueta
1675 1162 1791 1189 mor-

306 1217 395 1258 tuis
443 1215 586 1257 officia
628 1215 987 1272 praebiturorum,
1033 1215 1215 1257 domum
1255 1231 1396 1272 usque
1434 1215 1654 1273 pervenit.
1699 1214 1789 1259 Sed

305 1285 530 1326 daemones
566 1283 733 1325 famulo
771 1299 852 1325 suo
892 1279 1107 1340 'exequias
1153 1283 1431 1326 celebrantes
1468 1287 1642 1326 tantam
1675 1283 1790 1326 aeris

303 1352 482 1394 turbam
501 1352 545 1393 in
572 1367 726 1394 eorum
747 1351 941 1393 adventu
967 1352 1257 1404 exsuscitant,
1284 1356 1332 1393 ut
1355 1351 1615 1409 repentinus
1638 1351 1785 1404 turbo,

305 1436 405 1462 cum
433 1435 586 1462 serena
614 1424 764 1461 essent
802 1420 968 1472 omnia,
1000 1419 1193 1461 frontem
1229 1420 1406 1472 domus,
1446 1435 1581 1476 quam
1606 1411 1790 1476 'ymber-

305 1489 428 1545 gam¹
452 1488 622 1541 dicunt,
649 1503 761 1545 pene
788 1487 1081 1539 subverteret,
1105 1492 1148 1529 et
1166 1493 1338 1545 partem
1357 1488 1524 1529 lecticae
1548 1487 1622 1529 inc
1642 1486 1789 1529 medio

304 1557 460 1614 positae
493 1555 762 1598 sublevaret.
798 1557 901 1597 Haec
935 1556 988 1598 de
1022 1555 1186 1598 talibus
1208 1571 1454 1612 pauperum
1487 1554 1790 1597 corrosoribus

304 1625 471 1666 dixisse
494 1624 703 1666 sufficiat.

364 1692 506 1735 Nemo
529 1697 679 1734 autem
700 1692 900 1745 miretur,
922 1692 1041 1750 quod
1055 1692 1173 1734 idem
1195 1692 1380 1748 maligni
1401 1691 1583 1749 spiritus
1610 1691 1656 1733 in
1675 1690 1790 1733 ludi-

304 1761 489 1803 ficandis
507 1765 583 1802 aut
611 1760 825 1802 laedendis
848 1760 1103 1801 hominibus
1130 1760 1213 1801 hoc
1239 1765 1439 1816 tempore
1466 1759 1661 1801 multum
1686 1774 1791 1816 pos-

305 1834 429 1881 sunt;
469 1829 679 1870 nimirum
721 1828 822 1885 quia
871 1839 970 1886 qua¹
1003 1828 1186 1881 faciunt,
1226 1826 1488 1880 bestialiter,
1536 1831 1580 1869 et
1612 1842 1702 1869 non
1744 1826 1790 1868 in

302 1897 483 1939 nomine
530 1897 725 1940 Domini.
766 1895 948 1938 faciunt.
989 1896 1118 1938 Unde
1155 1896 1199 1936 in
1235 1911 1350 1953 pago
1385 1895 1661 1937 vilcassino?
1701 1910 1789 1936 non

305 1970 406 2007 ante
435 1965 602 2007 multos
626 1980 766 2006 annos
781 1964 949 2006 factum
973 1964 1288 2020 comperimus,
1325 1963 1428 2020 quia
1451 1963 1620 2005 scilicet
1644 1962 1789 2019 cujus-

306 2034 409 2075 dam
432 2033 583 2074 deloci
610 2032 867 2089 proceribus
889 2032 1093 2074 homines
1122 2031 1284 2074 alicubi
1314 2031 1395 2073 sub
1424 2031 1579 2073 eadem
1607 2031 1788 2088 regione

305 2101 598 2143 venabantur.
630 2102 855 2142 'saxonem
871 2102 887 2128 3
908 2116 1012 2156 ergo
1038 2100 1152 2141 male
1177 2100 1379 2156 fugacem
1391 2115 1536 2141 cavea²
1559 2098 1789 2140 intruden-

306 2174 389 2222 tes,
417 2169 553 2210 immo
574 2184 675 2210 cum
700 2168 948 2210 daemonem
971 2168 1274 2220 intrusissent,
1298 2167 1533 2209 intrusisse
1561 2171 1786 2224 putantes,

307 2253 434 2279 sacco
462 2237 702 2293 excipiunt.
738 2237 879 2288 Quem
913 2252 1088 2278 summa
1118 2236 1161 2277 vi
1194 2236 1295 2277 inde
1329 2235 1575 2277 eximentes
1609 2240 1654 2276 et
1687 2234 1789 2291 plus

305 2321 438 2362 quam
483 2305 648 2346 animal
687 2305 801 2346 illud
836 2305 1018 2361 patitur,
1059 2304 1357 2361 ponderosum
1388 2303 1649 2354 sentientes,
1688 2318 1790 2344 cum

302 2378 530 2430 asportare
553 2378 681 2414 nocte
703 2372 799 2428 jam
823 2373 1045 2414 incidente
1073 2372 1331 2429 coepissent,
1352 2386 1452 2413 ecce
1476 2386 1563 2412 vox
1585 2387 1607 2412 a
1637 2374 1788 2412 monte

342 2513 373 2534 a.
393 2502 478 2534 vade
497 2503 539 2533 D.
560 2521 600 2524 —
617 2501 650 2533 b.
668 2502 767 2533 Corr.
784 2502 826 2532 dc
845 2502 890 2533 D.
908 2502 1078 2542 emlimplo
1095 2502 1132 2532 B.
1154 2520 1194 2524 ——
1208 2511 1237 2532 c.
1259 2501 1306 2532 im
1331 2501 1373 2532 D.

345 2681 372 2710 1.
397 2691 437 2706 :-
457 2678 657 2709 Gouttiere.
677 2678 755 2708 Mot
772 2688 815 2708 cn
834 2679 983 2718 rapport
1001 2687 1087 2708 avec
1105 2676 1233 2708 imber.

344 2724 374 2751 2.
402 2720 447 2750 Le
468 2720 593 2750 chin.

344 2765 373 2792 3.
399 2774 438 2788 z
458 2761 631 2791 Blaircan.
