1930 3224
574 259 670 288 vEN.
705 258 900 288 GUIBERTI
935 259 1042 288 vlu:
1074 258 1196 286 Lmen
1221 258 1263 285 111
1568 243 1649 284 173

206 357 298 400 Per
313 357 471 400 vineas
494 358 647 416 itaque
680 358 798 400 inter
821 357 910 400 duo
929 357 1109 400 brachia
1132 356 1300 399 montis
1324 355 1495 414 positas
1515 355 1545 407 ¹,
1579 355 1650 399 die

144 425 223 468 illa
234 418 279 468 et
299 430 430 468 nocte
443 426 528 469 iter
544 425 830 483 fugientium,
851 431 896 469 et
914 426 1178 469 clericorum
1200 430 1245 468 et
1265 424 1522 477 mulierum,
1544 423 1646 468 fuit.

145 493 227 538 Vir
241 493 375 552 plane
402 494 668 537 muliebrem
704 510 794 537 non
823 494 1062 537 verebatur
1096 494 1318 543 habitum,
1368 508 1449 535 nec
1489 493 1652 535 mulier

145 562 338 606 virilem.
381 563 551 606 Tantus
590 564 725 606 etiam
750 563 1062 606 incendiorum
1088 563 1355 605 altrinsecus
1397 562 1650 619 positorum

146 635 297 675 motus
320 630 480 682 fuerat,
510 631 592 674 has
614 632 659 674 in
695 638 846 690 partes
872 632 1026 674 flabris
1068 633 1275 674 flammas
1312 630 1648 689 torquentibus,

145 703 196 743 ut
219 699 429 743 monachi
456 716 534 743 sua
564 701 714 743 omnia
743 706 1006 744 vererentur
1041 700 1233 743 incendi.
1272 700 1424 743 Metus
1446 715 1552 742 vero
1578 699 1649 752 iis,

145 768 223 827 qui
239 767 330 812 isto
344 768 818 826 confugerant,tantus
834 775 944 823 erat,
964 769 1055 811 acsi
1067 785 1223 812 eorum
1241 768 1495 811 cervicibus
1511 767 1652 826 gladii

144 836 448 881 imminerent.
478 838 606 881 Felix
627 839 775 881 Guido
799 839 1144 881 archidiaconus
1165 843 1299 896 atque
1324 837 1647 890 thesaurarius,

146 905 226 964 qui
243 905 321 949 isti
344 907 526 964 negotio
547 907 688 950 defuit
707 908 714 950 !
746 907 820 949 Ad
841 907 1055 950 Sanctam
1080 907 1201 949 enim
1222 907 1414 950 Mariam
1442 906 1481 948 V
1483 905 1655 948 ersilia-

146 995 329 1024 censem
351 977 368 1005 ²
393 981 570 1019 oratum
604 981 708 1019 ante
730 976 904 1018 Pascha
925 980 1206 1034 processerat
1225 990 1234 1029 ;
1260 975 1314 1018 de
1359 975 1456 1033 ejus
1471 974 1654 1032 potissi-

146 1064 273 1092 mum
299 1045 503 1092 absentia
527 1045 760 1088 carnifices
785 1046 1103 1103 querebantur.

207 1116 380 1161 Occisis
409 1114 546 1172 igitur
573 1114 635 1156 sic
663 1114 873 1172 episcopo
898 1129 1222 1172 procerumque
1264 1113 1554 1171 primoribuS‚
1597 1113 1654 1155 ad

146 1185 422 1244 reliquorum
468 1183 546 1242 qui
585 1188 850 1241 supererant
891 1183 1051 1225 domos
1097 1181 1356 1225 obsidentes
1393 1181 1648 1224 intendunt.

147 1255 346 1298 Domum
362 1261 381 1280 ‘¹
398 1245 504 1310 er’go
521 1251 772 1305 Guillelmi,
787 1251 867 1293 filii
887 1251 1086 1293 Haduini
1105 1252 1137 1299 3,
1157 1251 1233 1308 qui
1251 1266 1340 1292 non
1365 1254 1656 1292 consenserat

147 1322 322 1367 civibus
377 1322 423 1364 in
472 1325 615 1363 morte
654 1320 856 1373 Gerardi,
891 1320 968 1362 sed
1011 1336 1112 1362 cum
1167 1320 1265 1378 ipso
1314 1319 1558 1362 occidendo
1599 1318 1656 1361 ad

147 1391 387 1436 ecclesiam
409 1395 618 1433 oraturus
637 1404 766 1431 mane
791 1394 1062 1447 perrexerat,
1093 1393 1188 1431 tota
1219 1393 1351 1431 nocte
1382 1388 1652 1446 pervadunt.

147 1461 354 1519 Cumque
371 1459 440 1502 illi
467 1458 572 1500 hinc
590 1458 787 1515 ignibus,
836 1458 960 1500 illinc
995 1458 1221 1510 asciculis,
1259 1457 1493 1500 securibus
1517 1462 1654 1515 atque

147 1529 295 1573 contis
333 1532 530 1571 mactato
571 1527 741 1585 pariete
768 1527 1058 1580 institissent,
1083 1531 1126 1569 et
1162 1526 1229 1568 illi
1262 1526 1340 1585 qui
1364 1526 1489 1568 intus
1528 1530 1657 1568 erant

148 1597 487 1641 mordacissime
515 1596 803 1648 restitissent,
831 1596 887 1638 ad
902 1588 1178 1638 deditionem
1198 1600 1426 1653 postremo
1452 1600 1652 1646 coactus,

149 1666 263 1710 miro
282 1666 364 1709 Dei
378 1665 566 1723 judicic,
584 1680 687 1707 cum
710 1665 830 1707 hunc
848 1664 1051 1707 caeterisb
1067 1665 1168 1722 plus
1187 1664 1406 1707 odiissent
1422 1672 1452 1715 ⁰,
1474 1664 1653 1706 salvum

147 1751 200 1779 ac
222 1735 480 1778 incolumen
524 1733 820 1792 compedibus
868 1732 1134 1790 injecerunt.
1172 1732 1457 1775 Castellani4
1496 1733 1655 1775 itidem

149 1804 243 1847 filio
260 1804 477 1847 fecerunt.

210 1873 318 1916 Erat
344 1877 496 1915 autem
510 1871 557 1913 in
574 1872 708 1913 domo
724 1870 987 1924 Guillelmifi
1001 1870 1186 1928 quidam
1197 1870 1478 1923 adolescens,
1504 1871 1654 1913 dictus

150 1948 195 1986 et
217 1942 314 2000 ipse
362 1939 635 1984 Guillelmus
650 1948 682 1993 θ,
713 1940 911 1998 episcopi
947 1939 1266 1994 cubicularius,
1303 1939 1381 1998 qui
1408 1939 1656 1997 plurimum

149 2011 334 2054 titulum
361 2010 407 2052 in
431 2009 508 2051 illa
547 2008 807 2051 defensione
831 2009 1112 2052 commeruit.
1142 2008 1200 2064 Is,
1249 2009 1384 2051 domo
1422 2014 1568 2066 capta,
1602 2008 1656 2051 ab

150 2095 203 2123 ea
228 2084 354 2138 parte
375 2078 685 2135 burgensium,
710 2093 810 2136 quae
830 2078 1015 2120 domum
1045 2077 1326 2134 consederat,
1358 2083 1426 2121 est
1461 2093 1658 2120 conven-

193 2202 226 2225 a.
245 2191 429 2224 demumss
443 2191 493 2231 (et
511 2191 568 2232 D).
587 2190 673 2222 —b.
694 2190 822 2231 celeris
832 2191 875 2222 D.
891 2201 969 2222 ——c.
986 2191 1291 2223 odissentD.—-‹l.
1307 2191 1407 2223 Corr.
1429 2191 1473 2222 de
1498 2190 1541 2222 D.
1558 2190 1658 2222 Guil-

154 2243 240 2276 lemi
252 2243 292 2275 B.
305 2261 347 2266 --
365 2252 395 2274 e.
412 2242 511 2274 Corr.
532 2242 576 2273 de
590 2242 633 2273 1).
656 2241 859 2274 Guillemus
872 2242 910 2273 B.

193 2379 223 2407 1.
251 2375 298 2407 La
316 2375 568 2427 physionomie
588 2374 743 2406 actuelle
758 2375 802 2406 de
819 2375 914 2406 Laon
933 2385 1015 2406 cor1
1017 2376 1155 2416 espond
1174 2375 1431 2446 parfaitement
1452 2386 1471 2406 a
1496 2375 1658 2406 lindica-

153 2418 232 2450 tion
247 2416 370 2457 breve,
390 2417 480 2448 mais
499 2417 641 2468 precise
656 2418 699 2448 de
718 2416 884 2448 Guibcrt.

193 2462 223 2491 2.
249 2459 277 2490 11
295 2468 339 2491 nc
356 2469 372 2490 5
376 2459 459 2499 'agit
476 2467 540 2499 pas
558 2459 630 2490 del
636 2458 786 2498 'abbaye
804 2458 848 2490 dc
867 2458 1034 2499 Vezelay
1054 2458 1181 2490 dedice
1200 2469 1243 2490 cn
1266 2460 1342 2490 1101
1375 2468 1441 2500 pai
1458 2457 1585 2491 Pascal
1610 2459 1655 2495 11

151 2503 188 2533 et
216 2501 411 2533 consacree
440 2501 459 2532 ὲ
486 2500 623 2532 Saintc-
628 2492 857 2532 Madeieine
855 2501 1048 2542 Dacheiy
1083 2500 1196 2539 Vocas,
1228 2511 1262 2542 p.
1291 2505 1352 2531 603
1374 2510 1429 2542 sq.
1436 2502 1458 2541 ),
1492 2501 1584 2532 mais
1612 2502 1657 2533 de

154 2541 344 2616 Ve1·Signy5‚
347 2543 447 2626 ⁷dep.
467 2543 512 2574 de
536 2542 776 2582 lAisnc,a1r
803 2543 846 2574 dc
871 2543 977 2582 laon,
997 2545 1093 2575 cant.
1113 2543 1156 2574 dc
1183 2543 1231 2574 La
1254 2543 1342 2574 bere
1365 2542 1524 2583 (Guizot,
1547 2543 1656 2583 Goll„

195 2585 376 2659 §liz-1⁹57)
320 2626 386 2658 ’est
403 2636 468 2667 pas
479 2626 648 2667 question
663 2626 707 2657 dc
729 2636 768 2657 re
787 2636 1012 2679 personnage
1029 2626 1119 2658 dans
1140 2627 1173 2658 lc
1198 2637 1228 2658 c.
1258 2637 1290 2658 v.
1317 2626 1363 2657 du
1382 2626 1489 2658 1.111

195 2670 224 2700 1.
251 2668 298 2699 Cc
316 2670 392 2700 mot
407 2668 555 2708 designo
570 2669 833 2699 emtainemcnt
849 2667 868 2699 1
874 2668 1040 2700 habitant
1053 2669 1086 2700 d
1091 2679 1159 2700 unc
1178 2669 1317 2699 maison
1334 2669 1391 2699 sor
1395 2669 1468 2699 tisim}
1473 2679 1502 2705 c
1517 2678 1657 2700 comme

155 2709 180 2740 il
204 2719 249 2741 cn
275 2710 422 2742 existuit
448 2710 536 2742 dans
566 2710 754 2750 beaucoup
782 2710 826 2741 de
858 2711 960 2741 villcs
990 2711 1037 2741 du
1064 2711 1175 2743 Nor-d.
1202 2710 1246 2742 Et
1273 2710 1343 2740 lon
1371 2714 1456 2750 peut
1481 2712 1596 2741 meme
1621 2721 1658 2742 se

154 2751 352 2783 demandet·
381 2752 411 2783 si
436 2751 586 2783 Guimar
609 2752 698 2783 eti-ait
729 2752 812 2783 bien
835 2752 1044 2784 recllemcnt
1066 2753 1097 2784 le
1115 2753 1294 2784 chatclain
1313 2753 1356 2783 dc
1384 2753 1533 2789 Gaudri,
1550 2755 1586 2784 et
1605 2752 1658 2783 s'il

154 2791 284 2875 pi'gtpit
289 2804 360 2867 spacs
372 2794 607 2876 {ffliqleqieebnt
626 2805 671 2825 un
689 2794 795 2825 noble
811 2804 951 2826 comme
966 2795 997 2826 le
1016 2805 1242 2836 personnagc
1260 2795 1350 2826 dont
1375 2795 1398 2826 il
1415 2796 1469 2826 est
1488 2795 1534 2826 ici
1554 2805 1659 2836 ques-
