1930 3224
607 262 707 291 th.
745 261 938 291 omnam-1
972 261 1079 290 vrrs:
1110 261 1231 289 mmm
1266 262 1292 289 11
1602 246 1680 290 121

188 365 422 419 tantopere
458 360 763 419 amplectitur,
807 365 858 403 ut
881 360 936 403 de
972 360 1077 403 fidei
1115 360 1288 403 ratione
1330 359 1482 418 aliqua
1518 360 1686 417 compi-

154 434 159 438 ”
186 428 322 472 lando
346 429 418 488 pie
445 429 559 472 illud
587 429 857 487 opusculum
885 429 1139 472 aemuletur.
1183 427 1306 471 Crux
1340 428 1478 485 igitur
1508 429 1554 470 in
1583 427 1683 485 ejus

186 497 459 556 baptismate
493 513 583 540 non
619 498 825 551 fortuitu,
862 497 1119 540 adivinitus
1162 496 1281 540 facta
1319 497 1419 555 jure
1455 496 1679 555 apparuit,

186 578 288 624 quae
321 566 554 609 insolitam
594 567 750 609 nostro
780 567 973 624 tempori
1008 567 1054 609 in
1085 566 1260 610 Judaici
1290 566 1469 624 generis
1499 565 1682 608 homine

185 628 499 678 credulitatem
517 635 715 690 futuram
735 635 946 678 innotuit.

248 703 443 754 Quidam
462 704 711 760 presbyter·
737 705 981 746 admodum
1003 705 1207 760 beniqnae
1229 710 1401 746 naturae
1427 719 1477 746 ac
1508 703 1686 759 simpli-

185 773 248 815 cis
276 765 379 815 cum
394 772 490 829 silio
522 773 677 815 itidem
719 773 877 815 clerico
920 774 1085 815 ibidem
1121 773 1365 816 monachiae
1390 787 1434 815 se
1472 773 1677 815 tradidit.

185 839 275 892 Qui
294 842 591 899 undecunque
604 842 859 898 patrissans
875 842 921 884 in
941 857 988 884 eo
999 848 1132 898 patre
1152 842 1388 884 clariorem
1407 857 1451 884 se
1466 842 1680 898 praebuit,

182 909 306 968 quod
328 915 454 953 aetate
475 910 684 963 validior,
723 917 766 952 et
796 926 883 952 non
910 912 1006 953 sine
1037 911 1178 953 literis
1200 912 1310 968 fuit.
1352 911 1489 953 Pater
1512 911 1681 968 itaque,

183 979 230 1022 in
255 978 415 1022 saeculo
447 980 733 1032 constitutus,
758 983 914 1036 suerat
939 978 1027 1036 pro
1049 980 1303 1022 substantia
1331 980 1591 1022 caritativus
1627 979 1684 1021 ad

174 1062 414 1105 pauperes.
453 1048 542 1090 Cui
578 1049 695 1090 bono
723 1063 811 1090 non
852 1047 1000 1091 solum
1035 1048 1240 1092 diabolus
1277 1049 1494 1101 invidens,
1532 1049 1608 1090 sed
1631 1048 1684 1089 de

174 1119 380 1174 perfecta
413 1117 572 1159 mundi
598 1117 848 1173 abjectione
865 1117 1070 1173 amplius
1097 1117 1268 1170 dolens,
1309 1124 1433 1159 nocte
1462 1118 1679 1174 quadam,

181 1199 286 1226 cum
324 1185 416 1241 ipse
458 1186 650 1228 novitius
693 1187 910 1228 dormiret
950 1201 1062 1228 cum·
1094 1187 1278 1241 caeteris,
1323 1201 1415 1228 ecce
1451 1186 1594 1228 astitit
1637 1187 1683 1227 in

179 1253 345 1296 visione
359 1253 532 1296 homini
549 1254 684 1296 turba
697 1255 967 1307 daemonum,
985 1256 1030 1296 in
1048 1270 1218 1297 morem
1230 1255 1468 1297 Scotorum
1479 1255 1683 1297 sitarcias

131 1355 134 1358 -
179 1319 465 1378 suaspronm
491 1329 542 1365 ut
562 1323 770 1376 assolent,
790 1323 1233 1380 cluneportantium.
1265 1324 1352 1366 Cui
1375 1339 1462 1366 uno
1489 1329 1678 1375 astante,

181 1391 264 1448 qui
288 1392 422 1448 quasi
433 1393 686 1448 primarius
707 1398 749 1434 et
776 1393 996 1448 interpres
1022 1395 1178 1449 fuerat
1204 1399 1484 1446 caeterorum,
1515 1393 1683 1449 reliqui

180 1459 426 1502 identidem
447 1460 766 1504 substiterunt.
803 1461 967 1503 Astans
987 1462 1140 1519 itaque
1165 1462 1281 1504 dioeit
1311 1476 1327 1505 .·
1369 1480 1389 1501 «
1424 1462 1514 1504 Fac
1555 1461 1681 1503 nobis

179 1529 427 1572 caritatem.
456 1546 476 1568 »
514 1529 577 1571 Et
611 1530 857 1572 monachus
882 1544 896 1573 .·
936 1549 957 1570 «
994 1530 1126 1572 Nihil
1155 1531 1295 1572 habeo
1333 1531 1457 1587 quod
1476 1531 1681 1586 deinceps

178 1596 434 1654 impendere
468 1599 589 1640 vobis
617 1613 819 1654 possum,
845 1605 925 1641 aut
954 1601 1216 1656 cuiquam.»
1240 1600 1426 1641 Etenim
1451 1615 1495 1642 se
1524 1615 1680 1641 mona-

153 1665 316 1708 -chum
346 1667 626 1709 meminerat.
669 1666 735 1709 At
774 1667 934 1710 Scotus
962 1683 978 1711 .·
1015 1687 1034 1708 «
1067 1669 1320 1725 Nunquam
1357 1669 1449 1710 vidi
1484 1669 1680 1711 charita-

175 1735 317 1777 tivum
358 1736 700 1793 presbyterum.
748 1755 768 1775 »
822 1737 922 1787 Quo
958 1738 1097 1790 dicto,
1157 1738 1353 1794 lapidem
1394 1736 1680 1795 furibundus

175 1803 377 1860 corripit,
420 1810 463 1846 et
494 1804 708 1862 jaciensb
742 1811 867 1847 tanto
902 1807 1134 1848 conamine
1175 1808 1370 1859 intorsit,
1419 1813 1468 1848 ut
1503 1812 1677 1862 pectus,

174 1886 266 1929 quo
285 1873 503 1930 jacientis
539 1874 652 1916 ictus
685 1874 937 1928 devenerat,
960 1875 1032 1917 ‚ita
1063 1875 1249 1928 doleret,
1287 1882 1338 1917 ut
1368 1876 1678 1932 quadraqinta

176 1941 333 1984 diebus
346 1956 463 1998 pene
480 1957 621 1999 usque
640 1944 700 1984 ad
713 1943 1033 1986 extinctionem
1054 1945 1257 1987 anoeietas
1272 1960 1375 1986 eum
1391 1945 1676 2000 perduceret,

175 2010 265 2052 acsi
291 2009 451 2053 Scotus
476 2026 578 2053 vero
602 2026 707 2054 eum
729 2012 875 2068 lapide
898 2014 1203 2069 percussisset.

238 2078 346 2121 Haec
381 2080 460 2122 diu
497 2080 792 2136 postmodum
827 2096 929 2123 cum
974 2097 1029 2123 em
1084 2082 1165 2124 hoc
1207 2082 1516 2133 convaluisset,
1564 2083 1679 2139 quin

175 2162 279 2190 eum
301 2162 390 2190 non
418 2148 604 2191 meliora
626 2152 838 2206 facturus
859 2150 1082 2204 inviseret,
1115 2167 1269 2207 nempe
1296 2167 1399 2193 cum
1428 2157 1553 2193 nocte
1576 2167 1679 2193 eum

174 2217 371 2273 quadam
395 2217 452 2259 ad
486 2217 704 2274 requisita
737 2224 909 2261 naturae
934 2220 1159 2261 sedentem
1185 2220 1443 2262 solitarium
1470 2220 1678 2262 receden-

175 2284 296 2327 tibus
315 2285 417 2328 aliis
435 2292 686 2342 aucupatus
709 2288 886 2344 fuisset,
914 2288 1059 2330 instar
1084 2289 1283 2346 alicujus
1309 2289 1519 2331 monachi
1538 2290 1679 2344 capite

172 2354 399 2397 cucullato
426 2355 464 2397 ei
485 2355 645 2408 astitit,
673 2361 715 2397 et
739 2356 795 2397 ad
822 2357 1024 2399 catabuli
1047 2358 1307 2400 tabulatum
1321 2359 1458 2414 pedes
1484 2358 1675 2415 frimam,

199 2475 246 2499 ἐι.
268 2466 300 2498 D
318 2466 443 2508 ajoute
457 2468 533 2500 sed.

173 2605 302 2638 dedice
319 2607 338 2639 ὲ
356 2607 490 2647 Siss'roi,
508 2609 632 2650 prieur
649 2609 692 2640 de
707 2608 1138 2642 Saint-Nicolas-au-Bois
1154 2611 1346 2653 (Dachcry,
1372 2612 1449 2653 Op..
1466 2623 1500 2653 p.
1521 2615 1679 2646 282-286:

175 2647 308 2697 Migne,
341 2649 407 2681 loc.
439 2649 514 2690 cit„
534 2651 602 2682 col.
629 2652 790 2692 527-538).
817 2652 884 2683 Ces
913 2652 1039 2684 traitcs
1062 2655 1246 2684 montrent
1272 2654 1304 2684 la
1330 2653 1610 2695 preoccupation
1638 2655 1681 2685 dc

174 2689 330 2722 Gmbert
340 2690 523 2723 d'amener
533 2693 585 2723 les
598 2692 780 2725 Israelites
792 2704 834 2725 au
850 2694 1116 2726 christianisme
1127 2705 1192 2735 par
1203 2696 1266 2726 des
1278 2696 1376 2726 voies
1389 2696 1680 2734 intellectueues,

173 2733 210 2763 et
231 2730 269 2773 je
292 2742 337 2764 ne
365 2736 511 2780 par-tage
533 2744 598 2775 pas
625 2745 688 2765 sut·
710 2744 751 2766 ce
770 2736 872 2775 point
902 2736 953 2767 les
972 2736 1070 2768 idees
1094 2738 1176 2778 trop
1197 2737 1367 2768 absolues
1391 2737 1593 2778 exprimi-es
1618 2748 1682 2779 par

174 2772 213 2804 B.
244 2773 391 2814 Monod,
415 2775 525 2816 luiss,
545 2776 702 2807 sorciers
734 2779 768 2808 et
796 2776 1006 2820 he're'tiques
1026 2788 1070 2809 au
1093 2780 1223 2820 moyen
1238 2779 1316 2821 aye,
1335 2780 1425 2810 dans
1452 2780 1485 2810 la
1511 2779 1594 2812 Rev.
1620 2779 1682 2810 des

172 2807 306 2847 &tudes
319 2815 452 2857 juives,
479 2820 572 2855 1903,
593 2828 626 2859 p.
650 2821 797 2850 237-245.
815 2819 855 2850 V.
877 2819 1174 2859 l'lntroduction,
1196 2831 1230 2861 p.
1255 2831 1326 2852 mx.
