1930 3224
581 229 682 262 VEN.
718 229 915 260 Gmssssnrl
948 231 1057 261 vrrAE
1089 231 1209 260 Lmen
1242 232 1254 259 l
1615 217 1671 261 37

165 329 364 390 quodam
385 329 568 388 superni
590 334 739 373 metus
762 329 949 373 incussu
975 330 1155 373 horrere
1181 335 1415 388 peccatum
1435 331 1669 385 didicerat,

164 403 226 453 et,
247 403 300 443 ut
330 399 427 458 ipsa
455 398 567 442 mihi
597 398 763 457 saepius
788 398 951 441 referre
991 399 1181 453 solebat,
1218 399 1280 442 ita
1322 398 1483 442 subitae
1509 399 1672 442 timore

162 465 323 522 mssrtis
355 472 556 511 mentem
594 467 972 525 ingurgitaverat,
1008 472 1060 511 ut
1086 467 1182 526 jam
1208 468 1451 525 grandaeva
1481 468 1668 521 doleret,

162 539 286 601 quod
311 555 404 583 non
427 538 610 583 eosdem
635 539 682 582 in
719 544 896 582 maturo
924 540 1075 582 animo
1108 539 1215 583 boni
1253 539 1465 583 stimulos
1491 541 1672 599 pavoris

161 608 366 664 haberet,
389 623 504 667 quos
523 607 571 651 in
590 607 692 651 rudi
715 612 760 651 et
786 608 938 651 nescio
965 624 1149 665 prorsus
1177 608 1410 652 habuerat.
1442 622 1443 625 ¹

221 677 405 721 Accidit
426 676 580 735 igitur,
610 681 659 720 ut
691 676 932 720 efficientia
959 677 1230 736 conjugalis,
1260 678 1305 720 in
1333 678 1431 736 ipso
1458 677 1672 736 legitimae

159 745 283 793 illius
317 737 714 789 confoederationis
747 745 950 800 exordio,
986 746 1290 804 quorumdam
1315 746 1557 790 >maleficiis
1584 747 1671 789 sol-

157 819 354 860 veretur.
399 813 665 857 Novercalis
697 814 838 866 ‚enim
870 815 976 857 huic
1019 815 1310 858 matrimonio
1348 831 1437 858 non
1475 815 1671 859 defuisse

157 883 387 928 ferebatur
433 883 620 939 invidia,
673 899 772 941 quae
818 882 1026 940 plurimae
1065 883 1231 941 speciei
1272 889 1317 927 et
1355 884 1536 942 generis
1568 900 1671 927 cum

155 957 317 1011 neptes
342 951 545 1005 haberet,
582 951 743 994 exaiis
782 951 983 1011 aliquam
1018 957 1206 1010 paterno
1231 952 1361 995 thoro
1400 953 1672 996 moliebatur

155 1021 439 1077 immergere.
465 1020 597 1074 Quod
618 1036 718 1063 cum
748 1020 934 1063 minime
962 1021 1259 1079 processisset
1289 1022 1346 1064 ad
1372 1027 1546 1074 votum,
1570 1038 1671 1080 pra-

152 1085 227 1134 ¹vis
252 1089 418 1133 dicitur
442 1089 618 1133 artibus
651 1089 869 1143 effecisse,
906 1094 956 1132 ut
988 1089 1177 1132 thalami
1210 1090 1396 1132 omnino
1417 1096 1672 1134 cessaretur

156 1158 361 1202 effectus.
387 1157 593 1216 Cumque
615 1158 790 1215 integro
818 1158 1065 1216 virginium
1091 1157 1320 1202 illibatum
1342 1159 1671 1217 permansisset

155 1227 351 1272 triennio
374 1226 405 1280 ¹,
445 1231 490 1270 et
529 1226 613 1270 sub
642 1242 805 1285 magno
842 1231 1020 1270 tantum
1060 1227 1358 1270 infortunium
1389 1233 1669 1286 premeretur

153 1295 352 1348 silentio,
381 1295 566 1340 tandem
586 1311 612 1338 a
636 1295 730 1338 suis
754 1295 918 1338 citatus
939 1296 1207 1338 necessariis
1231 1301 1358 1354 pater
1372 1312 1468 1339 rem
1494 1297 1668 1355 primus

157 1364 373 1424 prodidit.
419 1363 613 1416 Quantis
664 1368 799 1422 putas
845 1364 993 1406 modis
1028 1364 1317 1408 elaboravere
1348 1371 1574 1423 parenteS,
1617 1371 1669 1410 ut

154 1433 410 1478 divorcium
423 1431 446 1460 ¹²
465 1433 594 1476 fieret
616 1432 736 1476 inter
755 1449 849 1487 eos,
873 1437 918 1476 et
933 1437 1106 1491 patrem
1124 1450 1292 1486 meum,
1310 1438 1515 1493 tempore
1535 1434 1668 1492 juve-

152 1507 277 1557 nem,
329 1517 467 1546 sensu
511 1501 738 1555 hebetem,
781 1502 1045 1546 monachice
1093 1503 1252 1545 sedulo
1297 1503 1662 1557 commovebant,

150 1570 260 1615 licet
283 1576 391 1615 tunc
413 1586 550 1629 super
574 1571 660 1614 hoc
693 1570 850 1614 ordine
883 1587 1010 1614 rarus
1033 1571 1166 1615 valde
1206 1572 1448 1615 haberetur
1479 1588 1627 1615 sermo
1652 1586 1661 1618 :

151 1640 275 1700 quod
294 1639 478 1698 quidem
496 1655 587 1682 non
611 1640 774 1683 salutis
798 1639 897 1698 ejus
930 1655 1080 1694 causa,
1112 1645 1158 1683 at
1185 1656 1292 1684 vero
1321 1642 1664 1699 possessionum

148 1708 248 1768 eJus
274 1708 628 1752 obtinendarum
654 1708 906 1752 intentione
928 1709 1079 1752 fiebat.

207 1779 378 1823 Verum
389 1782 635 1835 postquam
652 1777 747 1820 haec
766 1793 922 1820 eorum
935 1777 1169 1836 suggestio
1178 1778 1291 1820 nihil
1304 1786 1319 1805 ⁰
1334 1778 1520 1832 evaluit,
1535 1779 1663 1837 puel-

146 1846 238 1890 lam
258 1845 427 1889 crebris
451 1851 685 1903 coeperunt
706 1861 869 1904 urgere
895 1846 1151 1902 latratibuS,
1184 1851 1235 1889 ut
1261 1847 1487 1899 videlicet,
1512 1863 1534 1890 a
1567 1847 1662 1890 suis

144 1915 280 1972 longe
310 1914 474 1972 posita,
511 1915 621 1957 dum
652 1919 943 1958 externorum
978 1915 1352 1973 oppressionibus
1387 1916 1658 1973 pulsaretur,

147 1983 246 2026 sine
282 1982 377 2026 ullo
418 1983 607 2041 repudio
651 1999 732 2042 per
784 1999 848 2037 se,
900 1983 1078 2041 injuriis
1125 1983 1330 2041 fatigata,
1387 1984 1656 2028 discederet.

146 2051 323 2095 Interea
349 2051 427 2094 illa
462 2051 583 2110 pati;
626 2068 726 2110 quae
763 2052 1132 2111 impingebantur
1171 2052 1309 2095 verba
1347 2053 1662 2112 aequanimiter

146 2119 361 2183 tolerare;
386 2120 443 2178 si
468 2120 579 2179 quid
617 2120 780 2163 exinde
814 2122 1227 2164 controversiarum
1263 2127 1528 2179 emergeret,
1568 2123 1660 2165 acsi

145 2189 312 2243 nescia,
355 2188 658 2234 dissimulare.
696 2190 867 2232 Praeter
901 2191 1011 2242 haec,
1047 2206 1151 2232 cum
1181 2206 1281 2233 eam
1325 2191 1659 2249 opulentissimi

142 2258 332 2317 quidam
351 2257 408 2301 ab
423 2274 510 2301 usu
528 2258 724 2301 maritali
739 2263 943 2302 exortem
961 2259 1291 2316 conspicerent,
1310 2266 1545 2318 coeperunt
1562 2260 1658 2302 ani-

143 2342 271 2370 mum
296 2326 478 2386 pulsare
495 2327 774 2385 juvenculae;
801 2327 880 2370 sed
913 2332 979 2380 tu,
1011 2328 1220 2383 Domine,
1259 2329 1484 2371 castitatis
1517 2329 1659 2371 inter-

140 2411 211 2439 11ae
228 2395 459 2450 fundator,
497 2400 549 2439 tu
588 2396 628 2439 ei
656 2396 1006 2439 sanctimoniam
1029 2396 1351 2455 inspiraveras,
1392 2413 1528 2455 quam
1566 2413 1656 2440 non

142 2467 400 2526 patiebatur
425 2472 585 2511 natura
613 2483 695 2511 nec
725 2472 850 2511 actas.
876 2468 945 2510 Ex
975 2472 1036 2523 te,
1074 2469 1282 2524 Domine,
1314 2468 1509 2512 habebat
1536 2469 1658 2528 quod

184 2589 217 2613 a.
240 2580 342 2613 Corr.
361 2581 405 2612 de
424 2581 469 2614 D.
489 2580 527 2613 in
544 2581 585 2613 B.
604 2599 645 2604 —
664 2580 700 2614 b.
720 2580 920 2614 divortium
940 2581 985 2613 D.
1004 2599 1045 2604 —
1062 2592 1091 2615 c.
1114 2581 1168 2614 nil
1191 2582 1236 2614 D.

141 2722 148 2730 ’
183 2724 215 2754 1.
239 2722 296 2753 Au
313 2731 421 2754 cours
439 2722 488 2753 du
506 2723 621 2754 meme
639 2722 816 2763 chapitre,
836 2722 859 2753 il
877 2724 935 2754 est
952 2722 972 2754 ὰ
990 2733 1201 2764 remei-quer
1214 2733 1283 2764 quc
1301 2723 1457 2756 Guibert
1475 2724 1618 2764 assigue
1637 2725 1655 2755 a

142 2762 400 2838 lisszthdgrrinde
419 2773 457 2795 sa
476 2764 573 2795 mere
593 2774 640 2795 un
658 2764 737 2805 laps
755 2764 799 2795 de
818 2767 936 2806 temps
954 2765 1016 2806 qui
1040 2768 1097 2798 est
1122 2766 1243 2799 tantot
1270 2765 1514 2809 septennium,
1535 2767 1656 2799 tantot
