1930 3224
218 248 271 289 84
629 264 726 293 VEN.
763 264 953 292 GUIBERTI
986 263 1092 292 viTAE
1124 265 1243 293 LIBER
1276 265 1288 291 l

214 359 454 402 intestatus
476 361 690 402 emoritur
709 368 744 403 ἃ.
775 360 955 403 Nudato
979 361 1128 418 itaque
1141 361 1197 403 ad
1211 361 1452 403 lavandum
1470 361 1715 414 cadavere,

214 428 435 485 reperitur
447 428 648 484 pendens
658 428 713 469 ab
728 429 913 470 humero
927 429 1205 485 marsupium
1219 429 1302 471 sub
1319 428 1505 471 ascellab
1522 429 1698 472 laterae.

215 494 313 545 Quo
336 501 527 552 reperto,
557 511 773 537 concussa
794 495 871 553 qui
889 495 1124 538 invenerat
1147 497 1204 538 ad
1228 501 1393 538 terram
1426 512 1529 538 cum
1556 496 1700 539 furore

214 563 478 615 crumena1,
514 563 811 620 manibusque
847 563 1089 620 complosis
1134 564 1327 606 cucurrit
1357 564 1413 606 ad
1443 565 1700 617 monachos,

213 630 446 672 insolitum
466 646 620 672 eorum
645 630 825 672 auribus
847 646 1069 673 rumorem
1086 631 1272 674 invexit.
1296 631 1552 674 Inauditum
1572 632 1703 689 plane

213 697 355 740 fuerat
375 699 493 755 apud
517 699 638 755 ipsos
660 714 842 740 suorum
862 699 1120 756 quempiam
1147 699 1211 740 sic
1238 698 1418 741 obiisse.

271 766 467 808 Mittitur
492 766 643 822 itaque
675 771 778 823 post
797 765 1024 819 abbatem,
1049 766 1125 823 qui
1158 766 1333 808 duobus
1353 765 1552 808 millibus
1579 771 1703 809 trans

214 834 453 875 Belvacum
481 833 599 890 apud
635 833 896 891 quandamd
930 834 1086 876 villam
1109 849 1236 875 suam
1260 834 1580 891 pranderejam
1609 849 1700 876 coe-

212 906 351 957 perat.
380 901 466 942 Per
484 901 622 943 alium
651 906 801 943 autem
832 901 1037 954 missum,
1069 901 1144 959 qui
1172 901 1257 943 huc
1283 900 1562 958 pervenerat,
1587 901 1703 958 jam-

212 968 382 1010 dudum
396 976 412 994 ‘³
434 968 573 1010 abbas
594 984 698 1010 eum
718 969 883 1010 obiisse
903 974 1152 1025 acceperat,
1183 969 1261 1011 sed
1275 970 1328 1011 de
1356 969 1511 1011 solidis
1531 969 1595 1011 nil
1615 968 1702 1011 sci-

214 1041 352 1088 verat,
380 1036 442 1077 nil
462 1036 649 1078 dixerat.
671 1037 840 1079 Missus
861 1052 966 1093 ergo
991 1036 1178 1079 veniens
1193 1052 1247 1078 ex
1271 1042 1396 1093 parte
1416 1036 1602 1079 fratrum
1625 1036 1703 1094 qui

213 1104 443 1155 miserant,
492 1104 687 1146 consulit
722 1104 931 1146 abbatem
967 1104 1074 1161 quid
1110 1103 1225 1146 facto
1253 1120 1365 1161 opus
1403 1105 1478 1157 sit,
1519 1119 1576 1146 an
1602 1103 1702 1146 aliis

212 1172 475 1229 consepeliri
517 1172 686 1222 liceret,
729 1172 804 1228 qui
846 1177 939 1214 tam
975 1172 1136 1214 misere
1177 1172 1233 1213 ab
1274 1172 1464 1214 aliorum
1503 1187 1702 1214 commu-

211 1239 350 1282 nitate
383 1239 631 1281 desciverat
645 1239 675 1282 s.
716 1239 1058 1297 Communicato
1103 1240 1253 1297 itaque
1292 1239 1429 1281 abbas
1462 1255 1564 1282 cum
1593 1239 1703 1281 viris

210 1307 507 1363 prudentibus
531 1307 732 1359 consilio,
751 1308 961 1364 praecepit
979 1307 1201 1364 agrariam
1224 1307 1263 1349 ei
1289 1307 1384 1349 fieri
1405 1307 1698 1364 sepulturam,

210 1380 254 1417 et
287 1375 342 1417 ab
364 1375 562 1417 oratione
591 1380 634 1416 et
661 1375 849 1432 psalmis
878 1380 1093 1428 exortem,
1124 1380 1167 1416 et
1204 1375 1373 1431 pectori
1410 1375 1506 1432 ejus
1545 1390 1703 1432 super-

210 1443 315 1499 poni
335 1443 582 1500 pecuniam.
623 1443 803 1485 Privata
836 1448 986 1485 tamen
1015 1459 1093 1499 pro
1124 1458 1174 1484 eo
1211 1443 1399 1484 fratrum
1429 1458 1518 1484 non
1541 1436 1702 1484 defecit

210 1510 367 1562 oratio,
394 1511 531 1552 immo
570 1511 712 1552 multo
740 1511 935 1568 amplius
963 1510 1240 1565 institerunt,
1271 1526 1359 1567 quo
1390 1510 1535 1567 magis
1564 1525 1702 1552 nove-

210 1583 309 1620 rant
326 1593 428 1620 eum
448 1594 576 1635 egere
603 1578 818 1621 subsidio.
851 1578 919 1619 Ex
941 1578 1074 1635 hujus
1106 1578 1244 1634 igitur
1270 1582 1413 1620 morte
1446 1578 1696 1635 repentina,

210 1646 357 1688 caeteri
407 1646 523 1688 circa
573 1646 798 1703 peculium
851 1646 1161 1702 castigatiores
1217 1645 1394 1688 redditi.
1448 1645 1700 1687 Audiamus

209 1714 354 1755 adhuc
374 1714 567 1772 qualiter
588 1714 677 1755 sint
701 1714 811 1755 alias
837 1718 881 1755 et
906 1729 984 1771 pro
1002 1713 1102 1755 aliis
1129 1713 1359 1770 flagellati.

743 1905 963 1963 [CAPUT
997 1905 1165 1962 XXIII]

268 2045 353 2086 Vix
397 2060 549 2102 pauca*
588 2043 890 2086 hebdomades
932 2059 1123 2085 emensa}
1180 2043 1371 2096 fuerant,
1427 2058 1529 2084 cum
1581 2047 1700 2085 esset

208 2112 362 2169 vigilia
399 2117 647 2168 martyrum
674 2112 877 2153 Gervasii
905 2116 949 2153 et
977 2111 1204 2153 Prothasii
1224 2111 1256 2162 2,
1281 2126 1419 2167 parvo
1441 2114 1698 2167 emergente

208 2181 423 2232 tonitruo,
448 2195 528 2222 nec
543 2179 883 2221 crebrescenteff
906 2195 1106 2231 corusco,
1130 2178 1427 2236 tempestuosi
1437 2178 1552 2220 aeris
1570 2177 1699 2220 nubi-

208 2249 278 2290 lus
302 2248 540 2290 eminebat.
566 2248 698 2290 Mane
714 2263 819 2304 ergo
838 2247 966 2289 nobis
985 2247 1272 2304 surgentibus
1293 2262 1432 2304 parvo
1452 2245 1695 2288 admodum

208 2316 354 2373 spatio
374 2316 526 2373 primae
550 2316 668 2356 horae
696 2315 876 2372 signum
906 2316 1180 2362 insonuerat.
1215 2314 1288 2356 Ad
1317 2314 1553 2356 ecclesiam
1575 2313 1697 2355 inso-

208 2384 286 2426 lita
315 2384 540 2426 celeritate
576 2384 884 2436 convenimus,
922 2388 1025 2440 post
1058 2382 1371 2424 brevissimam
1401 2382 1652 2424 orationem
1682 2393 1691 2423 :

248 2530 279 2551 a.
300 2519 455 2551 moritur
472 2520 514 2551 D.
534 2538 574 2542 -
590 2519 624 2551 b.
641 2519 757 2550 amella
775 2519 817 2550 D.
838 2536 877 2541 —
893 2529 922 2552 c.
944 2518 1063 2550 labere
1081 2518 1123 2549 D.
1140 2536 1181 2540 —
1194 2518 1228 2549 d.
1245 2517 1440 2559 qnamdam
1458 2517 1501 2548 D.
1515 2534 1555 2539 —
1567 2526 1596 2548 e.
1608 2515 1695 2558 jan—

208 2561 344 2593 dudum
365 2562 403 2593 B.
422 2580 462 2584 —
479 2560 507 2601 f.
529 2561 627 2592 Corr.
647 2561 690 2591 de
708 2561 735 2590 B
760 2560 808 2597 <et
829 2561 885 2600 D).
905 2560 1096 2592 disciverat
1120 2560 1162 2590 X.
1180 2577 1219 2582 -—
1234 2569 1270 2601 9.
1291 2558 1519 2590 crebescente
1537 2558 1581 2588 D.

250 2749 277 2776 1.
305 2746 501 2781 :Boiu-se,
527 2747 663 2784 argent.

247 2790 277 2818 2.
306 2790 339 2816 18
355 2786 445 2827 juin,
466 2788 497 2817 la
516 2787 586 2818 sete
602 2787 663 2817 des
681 2786 793 2816 saints
812 2785 961 2816 Gcrvais
980 2787 1015 2816 et
1032 2785 1171 2816 Protais
1188 2784 1354 2816 tombant
1368 2785 1400 2815 le
1421 2786 1472 2815 19.
