1930 3224
259 252 315 296 90
667 268 766 297 vEN.
802 268 993 297 GmBERTI
1026 269 1132 298 VITAE
1164 270 1284 298 LIBER
1319 271 1331 298 1

257 366 416 423 pondit
440 378 448 409 :
477 384 497 406 «
527 367 723 408 Domum
740 367 917 424 plenam
943 366 1143 410 barbaris
1171 367 1428 410 hominibus
1456 386 1495 411 ».
1539 367 1743 426 Cumque

258 433 325 475 illi
357 434 662 492 intelligerent
691 434 776 476 sibi
812 450 886 476 eos
916 435 993 492 qui
1031 435 1300 478 videbantur
1340 451 1429 478 non
1468 436 1579 478 alios
1610 452 1746 494 quam

257 502 482 544 daemones
503 502 751 554 imminere,
779 508 1011 558 coeperunt
1028 503 1068 545 ei
1092 519 1329 561 suggerere
1348 509 1398 546 ut
1422 519 1468 546 se
1495 503 1742 561 signaret1‚

258 574 302 612 et
316 569 493 612 beatam
510 570 590 612 Dei
602 570 875 612 Genitricem
895 571 1102 613 invocare
1123 576 1343 629 speraret:
1364 590 1383 610 «
1411 572 1564 629 Spem,
1578 572 1741 630 inquit,

258 643 302 680 et
329 638 538 679 fiduciam
560 638 606 679 in
634 638 728 695 ipsa
761 637 986 691 haberem,
1016 639 1063 680 ni
1098 638 1290 681 barones
1314 640 1391 682 isti
1414 639 1689 683 insisterent.
1719 657 1740 680 »

258 706 422 748 Mirum
443 705 566 747 dictu
596 705 715 763 quod
749 705 939 748 barones
969 722 1044 748 eos
1071 707 1315 759 vocaverit,
1354 707 1475 764 quod
1514 723 1571 749 ex
1601 722 1743 763 graeca

257 772 530 830 etymologia
564 788 724 829 graves
765 774 1034 830 significat2.
1080 775 1152 827 Et,
1195 790 1220 816 o
1259 790 1394 832 quam
1434 774 1551 817 male
1584 789 1745 832 graves

257 849 399 896 erant,
429 844 505 902 qui
529 859 619 886 non
625 844 719 901 jam
748 844 1013 900 poenitentia
1038 850 1115 887 aut
1141 845 1422 887 invocatione
1444 845 1591 903 aliqua
1623 861 1746 888 amo-

256 912 327 953 liri
344 912 602 955 valuerant!
632 912 914 969 Interrogant
931 913 1123 970 denique
1139 913 1184 954 in
1205 929 1293 970 quo
1310 914 1597 971 potissimum
1614 928 1745 971 ange·

256 985 393 1024 retur.
414 980 674 1037 Respondet
696 980 771 1022 ille
805 981 866 1022 sic
891 996 937 1022 se
965 981 1146 1031 sentire,
1195 981 1285 1023 acsi
1308 981 1469 1039 ingens
1492 981 1744 1038 productile

256 1048 421 1090 ferrum
462 1052 619 1104 guttur
657 1048 753 1107 ejus
789 1053 833 1091 et
861 1049 1118 1106 praecordia,
1165 1050 1348 1090 flamma
1374 1048 1742 1102 excandescente,

255 1121 499 1173 perureret.
533 1116 648 1158 Cum
672 1121 823 1158 autem
851 1121 971 1169 esset
1000 1132 1089 1158 nox
1122 1117 1419 1174 quietissima,
1451 1122 1501 1160 ut
1524 1132 1580 1159 ne
1600 1117 1744 1160 venti-

254 1184 382 1226 culus
438 1184 680 1237 audiretur,
729 1189 959 1242 coeperunt
1020 1184 1226 1227 fenestrae
1288 1185 1449 1227 domus
1501 1184 1745 1242 parietibus

255 1248 436 1309 appelli,
476 1257 519 1294 et
556 1252 682 1309 quasi
712 1267 761 1294 ex
801 1252 949 1309 aliqua
992 1253 1257 1294 intrantium
1298 1252 1547 1310 frequentia
1587 1252 1743 1295 crebro

253 1320 490 1377 repercuti.
514 1321 611 1362 Duo
630 1336 731 1362 eum
752 1321 974 1372 monachi,
998 1321 1170 1363 caeteris
1185 1321 1230 1362 in
1247 1321 1378 1363 domo
1399 1320 1741 1373 dormientibus,

253 1387 560 1441 asservabant,
598 1393 658 1441 et,
692 1388 858 1430 conscii
895 1390 1014 1445 quod
1049 1389 1155 1431 talia
1194 1404 1292 1430 non.
1323 1404 1378 1430 ex
1416 1389 1533 1431 bono
1567 1389 1738 1441 fierent,

253 1456 518 1498 aestuabant.
546 1456 667 1498 Inter
686 1456 763 1498 illa
787 1472 892 1513 ergo
917 1472 1015 1513 quae
1038 1457 1236 1498 diximus
1258 1456 1395 1498 verba
1417 1456 1598 1499 efflavit.
1635 1456 1743 1499 Erat

250 1529 401 1566 autem
422 1524 555 1566 homo
578 1525 733 1566 multis
756 1524 1100 1580 indignitatibus
1131 1525 1350 1577 addictus,
1380 1524 1499 1566 unde
1525 1529 1569 1566 et
1602 1525 1740 1566 talem

253 1592 394 1636 vitam
417 1592 522 1634 talis
549 1596 816 1634 consecutus
840 1597 908 1634 est
928 1593 1090 1635 exitus.

313 1661 363 1702 In
387 1660 607 1702 cimiterio
629 1660 828 1703 ecclesiae
851 1660 973 1702 illius
1007 1660 1292 1717 sepulchrum
1324 1660 1502 1702 cuidam
1533 1659 1742 1702 defuncto

250 1729 470 1770 monacho
495 1729 751 1786 parabatur,
783 1744 863 1771 nec
892 1728 968 1770 ille
996 1729 1066 1770 cui
1096 1728 1142 1769 id
1171 1727 1306 1770 officii
1326 1727 1547 1770 attinebat
1581 1727 1741 1769 memi-

251 1797 373 1839 nisse
403 1812 492 1838 non
516 1802 706 1854 poterat,
731 1813 782 1839 eo
814 1812 859 1838 se
895 1797 941 1838 in
974 1796 1070 1838 loco
1101 1797 1326 1838 tumulum
1359 1795 1572 1838 effecisse.
1613 1795 1743 1837 Fodit

252 1865 404 1922 igitur,
428 1869 473 1907 et
499 1880 602 1907 cum
630 1865 788 1907 altiora
822 1866 1025 1922 petisset,
1052 1864 1251 1906 tabulam
1283 1879 1381 1921 quae
1412 1863 1603 1920 supponi
1629 1863 1743 1905 solet

252 1934 527 1990 sarcophago
550 1933 730 1991 reperit,
758 1949 843 1990 qua
865 1933 1049 1985 dimota,
1085 1947 1276 1974 vacuum
1308 1947 1422 1989 pene
1455 1931 1741 1988 sepulchrum

250 2002 439 2053 invenit,
461 2002 548 2043 nisi
564 2002 685 2059 quod
702 2002 944 2054 cucullum,
972 2016 1105 2058 quem
1125 2015 1389 2058 caperonem
1406 2000 1542 2055 vulgo
1559 2003 1737 2052 vocant,

250 2086 352 2111 cum
373 2070 517 2127 capite
537 2071 782 2111 introrsum
806 2071 1017 2127 reposito,
1045 2074 1089 2111 et
1108 2069 1309 2125 crepidas
1330 2067 1449 2109 foeno
1470 2067 1741 2125 semiplenas

252 2138 388 2196 (quod
401 2138 509 2180 olim
527 2142 726 2195 tempore
743 2138 983 2195 sepulturae
1005 2138 1168 2179 factum
1193 2141 1276 2189 est,
1291 2140 1343 2178 ut
1360 2136 1504 2192 magis
1519 2135 1741 2178 haereant⁸

250 2206 455 2263 pedibus)
476 2206 531 2248 ad
557 2206 694 2263 pedes
721 2206 987 2263 sarcophagi
1007 2205 1185 2262 reperit,
1216 2205 1260 2246 in
1294 2208 1388 2246 toto
1418 2208 1567 2246 autem
1594 2203 1741 2245 medio

251 2274 378 2317 nihil.
404 2274 533 2326 Quod
553 2290 655 2315 cum
675 2274 813 2331 aliqui
840 2274 1076 2326 vidissent,
1099 2273 1318 2329 nobisque
1348 2271 1622 2324 retulissent,
1659 2270 1743 2313 Dei

250 2341 701 2399 incomprehensibile
714 2342 934 2400 judicium
958 2341 1105 2383 mirati
1129 2356 1285 2383 sumus
1310 2354 1319 2383 ζ
1344 2355 1442 2397 quae
1460 2343 1553 2382 tam
1565 2338 1739 2381 occulte

250 2426 299 2452 ac
316 2410 540 2452 subtiliter
556 2410 651 2452 fieri
669 2410 968 2467 pervidemus.
987 2410 1037 2451 In
1055 2425 1142 2466 quo
1166 2409 1278 2450 illud
1299 2408 1486 2465 dignum
1507 2412 1576 2450 est
1604 2407 1741 2462 mira-

290 2550 322 2573 a.
350 2540 448 2571 Corr.
465 2541 508 2571 de
527 2540 570 2571 D.
591 2540 717 2571 herent
735 2540 937 2580 exponetuc
954 2540 992 2571 B.

290 2711 318 2737 1.
344 2707 442 2737 Dans
458 2708 489 2737 le
505 2716 586 2737 sens
604 2706 763 2737 chretien
782 2706 824 2735 de
842 2715 876 2736 se
893 2705 1029 2746 siqner.

288 2752 317 2779 2.
343 2748 372 2779 11
389 2751 445 2779 cst
459 2749 543 2779 bien
558 2748 715 2778 entendu
733 2757 800 2787 que
820 2747 1058 2787 l'etymologie
1077 2746 1135 2786 qui
1154 2746 1220 2777 fait
1235 2746 1337 2776 venir
1353 2744 1442 2776 baro
1460 2745 1506 2775 du
1523 2754 1606 2784 grec
1623 2743 1737 2790 βαρὺς,

247 2805 314 2835 quc
331 2795 484 2826 Guibcrt
498 2795 634 2825 traduit
653 2804 716 2834 par
733 2794 868 2835 yravis,
886 2794 940 2824 n‘a
954 2803 1092 2824 aucune
1110 2793 1244 2824 valcur.

1911 838 1930 1053 jnlkafflmm*
1917 789 1920 790 ¹
1917 765 1921 767 ⁴
1916 724 1922 744 ⁴*
1911 690 1921 703 ³⁵
1909 650 1926 671 ¹¹

1916 1195 1926 1208 w
1890 1060 1930 1189 wltawam·

1924 1487 1926 1491 <
1914 1266 1930 1473 „nsa.mmuf„u›ffi
1915 1226 1927 1259 2⁹³³
1919 1216 1922 1218 ·
