1930 3224
315 239 369 281 56
719 253 817 282 VEN.
854 251 1046 281 GUIBERTI
1079 253 1185 281 VlTAE
1216 253 1335 281 LfflER
1367 254 1381 281 l

317 351 512 394 solitaria
539 367 714 409 semper
733 351 950 394 habitatio
976 356 1053 393 aut
1076 352 1234 409 magis,
1264 356 1342 394 aut
1367 352 1648 395 tantumdem
1673 353 1792 412 quod

316 420 551 462 consuevit
577 419 753 462 efficiat.
1536 425 1538 427 ’

375 488 587 542 Multum,
626 487 804 529 domine
836 487 973 540 Deus,
1008 487 1064 529 ab
1093 503 1144 530 eo
1179 488 1225 530 in
1255 504 1343 546 quo
1375 503 1494 530 nunc
1525 497 1642 547 ago⁸
1674 493 1814 533 statu-

314 556 493 598 diversa
519 555 753 613 gerebam;
783 560 889 597 tunc
912 555 1044 613 plane
1068 555 1151 598 sub
1169 572 1329 613 magna
1354 562 1442 599 tuae
1458 557 1572 614 legis
1591 572 1794 601 reveren-

315 625 375 667 tia
401 629 446 666 et
476 624 650 666 infinita
678 623 815 666 totius
835 623 1007 680 peccati
1039 625 1317 667 execratione
1350 625 1574 678 vivebam,
1604 641 1792 684 quaeque

315 709 369 735 ex
402 697 446 734 te
483 696 527 734 et
568 691 671 746 dici,
712 696 757 733 et
793 691 936 733 audiri
963 696 1007 733 et
1041 691 1144 734 sciri
1181 697 1403 750 poterant,
1435 692 1789 736 ambientissime

314 760 641 803 combibebam.
663 759 780 812 Scio,
799 759 994 802 coelestis
1017 760 1164 812 Pater,
1194 761 1297 818 quia
1317 760 1483 803 talibus
1496 761 1671 818 pueruli
1694 766 1790 805 stu—

313 829 398 871 diis
413 828 658 871 saevissime
680 827 897 870 Diabolus
923 827 1195 881 irritabatur,
1216 844 1240 871 a
1256 844 1325 871 me
1345 829 1633 886 postmodum
1652 830 1792 873 totius

313 898 374 955 pii
401 896 590 939 fervoris
619 896 874 939 desertione
905 896 1166 953 placandus.
1197 897 1324 940 Unde
1351 902 1395 939 et
1420 902 1551 939 nocte
1580 898 1789 956 quadam,

314 980 431 1018 cum,
463 968 588 1006 tanta
625 964 786 1006 misera
823 963 1106 1006 solicitudine
1137 970 1444 1022 experrectuS,
1480 964 1664 1008 hiberno
1678 964 1716 1019 ¹²,
1743 970 1795 1008 ut

313 1033 485 1091 opinor,
503 1038 701 1090 tempore
719 1032 766 1074 in
787 1047 886 1075 meo
908 1048 978 1074 me
999 1032 1163 1074 lectulo
1178 1041 1194 1059 ⁰
1213 1033 1504 1082 continerem,
1526 1037 1570 1076 et
1588 1032 1796 1092 lampade

312 1102 515 1159 proxima
533 1100 834 1143 clarissimum
856 1100 1069 1143 reddente
1092 1101 1244 1143 lumen
1266 1101 1462 1143 securior
1479 1116 1576 1144 esse
1597 1101 1790 1155 viderer,

314 1185 415 1212 ecce
453 1173 636 1227 repente
675 1173 720 1229 et
751 1169 872 1211 haud
904 1168 1038 1226 longe
1077 1169 1131 1211 de
1170 1169 1490 1226 superioribus,
1524 1174 1576 1217 ut
1619 1169 1792 1228 putavi,

313 1238 557 1280 multarum
581 1252 759 1289 vocum,
789 1253 890 1279 cum
912 1252 1002 1279 nox
1020 1242 1138 1280 esset
1158 1238 1442 1296 intempesta,
1469 1237 1637 1280 clamor
1653 1253 1794 1281 emer-

315 1307 387 1350 sit.
417 1307 515 1348 Vox
540 1310 690 1348 autem
717 1306 813 1348 sine
839 1305 975 1348 verbo
1002 1305 1103 1359 fuit,
1131 1305 1243 1348 sed‘l
1270 1306 1418 1348 solum
1437 1306 1483 1348 vi
1500 1306 1789 1361 calamitatis»,

314 1381 359 1417 et
387 1374 508 1417 illico
544 1374 774 1432 concussis
803 1374 944 1416 veluti
970 1374 1025 1416 ad
1049 1390 1257 1417 somnum
1292 1374 1570 1432 temporibus
1605 1389 1630 1416 a
1657 1389 1791 1418 sensu

312 1443 476 1501 rapior,
501 1447 545 1485 et
561 1448 789 1487 mortuum
809 1442 1081 1500 quempiam,
1102 1458 1235 1499 quem
1253 1442 1416 1484 obiisse
1439 1443 1486 1484 in
1506 1439 1678 1485 balneis
1693 1443 1791 1502 qui·
1839 1493 1843 1496 ι

313 1512 416 1554 dam
452 1510 777 1561 conclamabat,
811 1510 961 1553 videre
996 1510 1105 1552 mihi
1137 1510 1305 1554 videor.
1343 1509 1439 1561 Qua
1472 1511 1791 1568 imaginatione

313 1579 597 1631 conterritus,
622 1594 721 1621 cum
744 1594 766 1621 e
788 1583 955 1621 stratue
972 1578 1209 1636 prosiliens
1237 1578 1604 1631 subclamassem,
1627 1579 1674 1621 in
1693 1574 1811 1637 ipso⁴

314 1648 458 1707 primo
485 1652 612 1689 motu
635 1662 734 1689 meo
767 1647 1025 1704 respiciens,
1061 1647 1315 1705 lampadem
1344 1647 1437 1689 vidi
1457 1647 1719 1700 extinctam,
1748 1651 1794 1690 et

314 1731 393 1774 per
427 1716 597 1758 medias
629 1715 858 1773 ingentisf
891 1714 1060 1757 umbrae
1108 1715 1322 1772 caligines
1360 1730 1438 1757 sua
1469 1715 1616 1772 ipsius
1644 1715 1792 1773 specie

313 1785 564 1826 daemonem
604 1788 795 1826 stantem
822 1798 959 1840 prope
988 1783 1178 1825 intueor.
1207 1782 1348 1840 Cujus
1368 1783 1541 1825 visione
1567 1783 1793 1826 teterrima

313 1868 428 1911 pene
454 1852 658 1894 efferarer
676 1852 722 1893 in
745 1850 931 1904 rabiem,
953 1851 1042 1892 nisi
1064 1866 1134 1893 me
1151 1850 1356 1908 magistri
1377 1850 1479 1904 mei,
1503 1850 1580 1908 qui
1605 1851 1677 1893 his
1702 1855 1793 1894 ter-

313 1920 490 1962 roribus
532 1919 816 1962 moderandis
864 1919 1060 1961 crebrius
1099 1918 1362 1972 excubabat,
1395 1917 1705 1976 perturbatum
1747 1922 1793 1962 et

313 1993 537 2030 amentem
559 1987 739 2030 solertia
757 1987 1007 2029 refovisset.

372 2057 461 2099 Nec
481 2071 551 2098 me
575 2055 759 2108 latebat,
786 2056 907 2097 Deus
936 2070 1079 2107 meUS,
1111 2055 1157 2096 in
1183 2055 1280 2112 ipsa
1306 2070 1527 2097 annorum
1554 2054 1791 2112 puerilium

313 2124 628 2178 teneritudine,
651 2123 753 2181 quia
778 2123 977 2165 studium
994 2122 1121 2165 bonae
1139 2122 1419 2176 intentionis,
1445 2138 1533 2180 quo
1553 2137 1680 2164 meus
1697 2122 1791 2165 ani-

313 2208 413 2234 mus
431 2197 536 2234 tunc
558 2191 775 2244 fervebat,
804 2191 1079 2234 incentorem
1102 2206 1211 2233 meaa
1233 2190 1526 2247 malignitatis
1553 2189 1792 2233 Diabolum

315 2276 404 2302 non
430 2260 604 2302 modice
637 2259 867 2302 incitabat.
898 2260 970 2311 Et,
1009 2275 1033 2300 o
1069 2259 1139 2316 pie
1173 2259 1311 2311 Deus,
1344 2258 1453 2317 quid
1483 2258 1788 2312 victoriarum,

314 2328 421 2387 quid
435 2344 515 2385 pro
530 2328 729 2370 victoriis
747 2343 1011 2370 coronarum
1026 2327 1157 2369 hodie
1175 2327 1558 2380 commeruissem,
1577 2326 1615 2368 si
1629 2326 1793 2368 immo-

314 2397 463 2439 biliter
485 2396 541 2438 ad
561 2396 606 2438 id
627 2395 884 2438 certaminis
907 2395 1239 2453 perstitissem?
1272 2395 1486 2437 Plurimis
1509 2395 1645 2437 etiam
1670 2393 1794 2437 audi-

314 2470 461 2507 tarum
485 2480 630 2506 rerum
659 2464 927 2521 conjecturis
962 2464 1165 2521 experior
1189 2463 1403 2505 adversus
1435 2478 1576 2520 nuper
1608 2477 1795 2505 conver-

314 2549 402 2586 sos,
431 2549 510 2575 seu
534 2548 610 2574 eos
633 2532 710 2589 qui
736 2532 793 2574 ad
810 2533 893 2574 hoc
914 2532 1194 2589 propositum
1217 2546 1392 2588 semper
1413 2531 1627 2588 aspirant,
1657 2530 1792 2573 vehe-

314 2601 507 2643 mentius
545 2601 770 2642 daemones
803 2599 1014 2642 acerbari.
1053 2599 1181 2642 Unde
1213 2599 1413 2653 memini,
1446 2603 1646 2655 tempore
1681 2597 1791 2640 Gui-

353 2759 384 2780 a.
402 2758 466 2789 390
491 2749 533 2779 D.
552 2766 593 2770 —
616 2747 648 2779 b.
682 2747 845 2788 hyberno
877 2748 974 2778 1).-
1002 2758 1030 2778 e.
1066 2747 1207 2778 lectudo
1235 2747 1279 2779 D.
1297 2764 1336 2769 —
1362 2746 1396 2778 d.
1431 2746 1528 2777 Corr.
1555 2746 1598 2776 de
1626 2744 1670 2777 D.
1699 2745 1719 2775 ὁ
1747 2746 1787 2784 Β,

310 2789 521 2830 exponetuc.
542 2807 578 2812 —
597 2799 625 2820 e.
647 2791 741 2820 statu
758 2789 801 2821 D.
820 2788 900 2828 —f.
921 2789 1018 2819 Corr.
1039 2790 1081 2819 dc
1102 2789 1141 2821 B.
1161 2788 1339 2830 ingyrantis
1354 2788 1396 2819 X.
1417 2786 1595 2829 ruyientis
1618 2786 1661 2818 D.
