1930 3224
285 242 340 284 22
697 257 795 286 vm.
834 257 1025 286 emnem]
1061 258 1165 286 vn'AE
1199 258 1318 286 [ABER
1349 259 1361 286 1

280 355 450 413 aliquid
476 356 585 405 dari,
618 355 728 397 nihil
762 355 885 397 aliud
911 360 993 408 est,
1022 371 1156 414 quam
1189 357 1464 399 cotidianum
1495 357 1765 403 homicidam

286 424 542 481 quempiam
566 423 723 481 jubere
750 424 858 468 fieri.

341 491 531 533 Domine
555 492 674 534 Deus
701 507 843 544 meuS,
860 492 921 533 ita
943 497 1047 534 tunc
1070 492 1234 550 spebus
1254 493 1345 535 illis
1366 493 1606 550 pessimis⁶
1621 494 1768 537 invol-

281 559 431 613 vebar,
486 564 529 601 et
570 564 748 601 tuorum
796 560 1103 616 expectatione
1148 561 1382 614 donorum,
1425 577 1523 618 quae
1577 562 1767 605 necdum

283 628 475 685 experiri
513 627 769 675 didiceram,
803 628 1057 670 nullatenus
1096 629 1341 671 detinebar.
1389 628 1469 671 Illa
1499 617 1577 672 tua
1610 630 1770 672 mulier

285 696 484 737 nondum
523 695 934 752 comprehenderat,
982 707 1093 753 quas
1122 712 1240 754 spes,
1284 713 1395 755 quas
1428 698 1690 740 securitates
1714 698 1768 740 de

287 764 396 805 meis
422 764 540 820 apud
565 769 604 806 te
626 764 896 805 victualibus
912 764 1073 806 habere
1095 765 1322 818 debuerat,
1342 781 1422 807 nec
1441 781 1538 822 quae
1556 765 1768 808 beneficia

286 848 307 873 a
334 837 375 874 te
404 832 511 873 mihi
535 837 661 873 erant
686 837 824 889 parta,
857 837 1139 888 cog-noverat.
1163 833 1275 885 Quia
1302 833 1422 874 enim
1448 834 1770 891 aliquantisper

286 900 430 941 adhuc
466 900 511 940 in
552 901 718 941 mundo
757 916 911 956 agens,
958 916 1056 957 quae
1104 901 1259 942 mundi
1295 901 1485 954 fuerant,
1531 901 1767 955 sentiebat,

286 967 497 1009 nimirum
525 983 590 1021 ea,
616 984 713 1024 quae
741 968 825 1009 sibi
852 969 946 1024 ipsa
971 969 1203 1024 providere
1228 969 1468 1025 delegerat,
1499 969 1609 1010 mihi
1636 970 1771 1012 etiam

286 1035 371 1092 ipsi
399 1036 639 1087 mundana,
669 1040 719 1077 ut
755 1036 954 1092 putabat,
990 1036 1231 1094 quaesituro
1264 1036 1503 1093 quaerebat.
1540 1038 1618 1090 At,
1648 1042 1773 1094 post-

286 1119 437 1161 quam,
474 1104 633 1144 animae
673 1104 860 1161 propriae
900 1105 1211 1146 animadverso
1259 1104 1470 1161 periculo,
1516 1105 1774 1147 innumeros

287 1171 432 1213 cordis
457 1172 645 1228 angulos
670 1172 724 1213 ad
749 1173 983 1229 praeterita}
1003 1172 1357 1229 deplorationem
1392 1172 1496 1214 vitae
1527 1173 1768 1230 congessit,

287 1240 414 1296 quasi
439 1240 605 1281 diceret
629 1252 636 1282 :
667 1258 686 1278 <‹
713 1240 841 1292 Quod
872 1241 981 1282 mihi
1021 1240 1122 1282 nolo'
1156 1241 1266 1293 fieri,
1294 1240 1370 1282 alii
1392 1256 1483 1282 non
1512 1241 1720 1295 faciam¹‚
1751 1258 1771 1280 »

286 1323 334 1349 ea
368 1323 466 1365 quae
502 1323 581 1364 pro
628 1323 674 1349 se
717 1309 988 1365 contempsit
1026 1324 1170 1365 agere,
1213 1314 1425 1350 extremae
1465 1308 1678 1352 arbitrata
1704 1313 1772 1351 est

289 1375 523 1417 dementiae
555 1391 635 1432 pro
662 1376 761 1417 aliis
784 1391 1004 1427 exercere,
1036 1382 1080 1418 et
1103 1376 1222 1433 quod
1249 1376 1333 1418 sibi
1367 1376 1535 1418 ambire
1561 1376 1769 1435 desierat,

289 1443 505 1486 nefarium
532 1449 627 1485 rata
654 1450 722 1486 est
745 1445 796 1485 ad
827 1444 895 1485 sui
921 1445 1162 1501 perniciem
1186 1445 1314 1486 alteri
1341 1445 1617 1501 concupisse.
1644 1443 1774 1496 Quod

290 1512 423 1568 longe
448 1511 576 1553 aliter
596 1527 619 1553 a
643 1512 797 1553 multis
820 1513 912 1554 fieri
941 1518 1130 1565 constat,
1162 1529 1275 1569 quos
1301 1513 1480 1569 quidem
1498 1513 1774 1555 attendimus

292 1595 369 1621 sua
395 1580 449 1621 ad
470 1580 695 1636 integrum
720 1580 905 1622 obtentu
931 1581 1203 1637 paupertatis
1225 1580 1431 1637 abjicere,
1464 1581 1543 1622 sed
1569 1580 1771 1634 aliorum,

291 1663 381 1689 non
401 1648 533 1689 modo
567 1663 765 1701 suorum,
793 1648 913 1705 quod
946 1653 990 1690 et
1030 1649 1180 1705 ipsum
1209 1649 1377 1690 malum
1413 1653 1496 1701 est,
1539 1649 1617 1690 sed
1641 1649 1775 1691 etiam

293 1721 562 1768 exterorum,
584 1716 702 1772 quod
723 1716 935 1769 deterius,
962 1717 1063 1774 plus
1089 1717 1226 1758 nimio
1251 1717 1584 1773 procurationes
1604 1717 1773 1758 ardere.

827 1891 838 1948 t
857 1891 1053 1934 CAPUT
1095 1891 1200 1932 V111
1222 1891 1234 1948 ]

351 2021 438 2063 Sed
453 2021 562 2063 libet
584 2021 715 2078 paulo
736 2021 886 2075 altius,
905 2026 1120 2078 quantum
1147 2021 1290 2063 nostri
1316 2021 1528 2078 temporis
1550 2021 1774 2072 mentione

295 2089 551 2140 recurritur,
574 2094 717 2130 status
738 2089 1005 2145 religionum
1038 2089 1490 2146 conversionumque,
1521 2104 1632 2146 quas
1658 2088 1775 2130 vidi-

295 2173 411 2206 mUS,
435 2157 681 2213 attingere;
706 2157 823 2199 unde
847 2162 890 2198 et
917 2158 1031 2198 hanc
1055 2157 1197 2214 ipsam
1212 2157 1306 2210 Dm,
1342 2172 1516 2199 necnon
1548 2161 1592 2199 et
1611 2157 1773 2214 pleros-

296 2241 381 2283 que
417 2225 527 2267 alios
570 2225 695 2266 bonae
731 2225 992 2267 mutationis
1039 2225 1229 2282 contigit
1257 2225 1459 2283 exempla
1488 2225 1776 2282 sumpsissec.

297 2293 550 2336 Monachile
591 2293 868 2350 propositum
911 2293 993 2334 sub
1026 2293 1222 2350 antiquis
1259 2294 1464 2335 floruisse
1504 2293 1781 2350 temporibus

297 2362 482 2403 affluens
518 2361 786 2418 scriptorum
826 2361 981 2403 relatio
1021 2366 1104 2404 est.
1148 2362 1264 2404 Nam
1298 2361 1401 2419 quia
1449 2376 1584 2418 super
1618 2360 1782 2403 exteris

297 2430 407 2471 mihi
447 2429 703 2485 regionibus
754 2429 979 2471 silentium
1022 2434 1104 2482 est,
1149 2429 1231 2471 sub
1277 2429 1544 2486 quibusdam
1584 2429 1780 2471 Franciae

296 2498 476 2555 regibus
500 2498 634 2555 hujus
667 2497 806 2539 scita‘ss
838 2497 1147 2550 institutionis,
1175 2498 1295 2539 varia
1327 2497 1515 2539 diversis
1539 2497 1781 2540 extruenti-

339 2620 369 2641 a.
395 2609 572 2651 pessimus
599 2609 642 2640 D.
664 2627 704 2631 —
724 2608 758 2640 b.
778 2609 929 2641 Lacune.
951 2629 991 2632 —
1011 2620 1039 2641 c,
1058 2609 1227 2641 sumsisse
1244 2610 1283 2640 B.

340 2761 369 2789 1.
396 2757 448 2788 Cf.
468 2758 654 2795 Matthicu,
671 2768 735 2794 vu,
754 2760 802 2787 12.

339 2803 367 2830 2.
394 2799 489 2829 Dans
508 2799 539 2829 lc
554 2809 635 2829 sens
653 2799 695 2829 de
713 2798 863 2837 ddcrets,
880 2798 1102 2830 c'est-a—dirc
1117 2800 1160 2829 de
1176 2799 1290 2838 reglcs
1301 2798 1522 2839 religieuses.
