1930 3224
535 267 537 270 ·
578 254 676 291 vert.
712 255 909 291 summan
942 255 1052 291 vim:
1083 258 1206 291 maim
1239 259 1252 290 1
1622 241 1674 291 13

283 375 372 404 am
386 360 605 419 temporis
623 360 850 404 clericulis
869 360 1171 419 vagantibus¹
1191 361 1442 419 comparari
1471 366 1664 418 poterat.

250 433 387 489 taque
409 429 482 473 cui
498 429 587 473 mei
613 444 796 488 operam
813 434 959 472 mater
979 429 1192 487 mandare
1213 429 1489 483 decreverat,
1518 429 1668 472 addis-

292 498 637 559 grammaticam
669 498 941 556 grandaevus
985 498 1246 557 incoeperat,
1290 502 1508 557 tantoque
1545 498 1665 541 circa

218 615 234 625 ..
279 580 354 615 cm
388 571 533 611 artem
564 567 710 626 magis
738 566 877 610 rudis
907 567 1075 622 extitit,
1111 572 1281 626 quanto
1321 582 1422 610 eam
1454 582 1478 610 a
1513 571 1669 610 tenero

194 626 217 646 '⁴
291 640 294 641 ⁷
339 635 555 688 ebiberat.
577 634 733 679 Tantae
752 651 859 678 vero
886 603 1120 679 modestiae
1139 635 1302 691 fuerat,
1328 641 1380 680 ut
1409 635 1531 694 quod
1558 635 1667 679 defi-

118 722 134 758 4·
156 683 344 757 fflt
331 720 379 748 m
398 702 559 759 literis,
589 704 823 764 suppleret
849 704 1054 748 honesto.

191 764 340 836 {lcum
356 788 463 832 ergo
489 773 737 832 seqhestris
760 773 989 832 aliquibus
1012 773 1202 826 clericis,
1229 773 1306 832 qui
1333 773 1373 816 ei
1388 772 1671 817 familiariter

197 858 233 879 -u
248 863 252 886 ε
269 842 607 902 capellanorum
626 842 814 888 nomine,
837 842 923 885 Dei
952 842 1099 886 officia
1116 850 1135 870 ἅ
1157 842 1461 897 celebrabant,
1492 842 1669 885 schola-

198 944 202 948 ι
224 932 245 950 ιι
282 910 415 955 illum
430 910 697 954 sollicitaret
720 910 968 965 hominem,
1001 916 1046 954 et
1072 911 1150 954 ille
1171 910 1408 968 cujusdam
1438 911 1669 954 consobri-

203 1032 206 1036 .
241 980 257 1024 i
297 980 387 1024 mei
427 979 616 1024 sortitus
656 946 988 1038 paedagogiuni,
1041 979 1311 1038 quibusdam
1347 980 1436 1023 mei
1470 980 1669 1038 parenti-

82 1043 244 1098 an
258 1048 292 1106 ²,
337 1063 532 1108 quorum
566 1049 814 1092 innutritus
865 1054 963 1092 erat
1010 1049 1162 1100 curiae,
1205 1049 1486 1091 necessarius
1531 1054 1666 1102 esset,

92 1106 356 1177 foemmae
391 1133 439 1161 se
465 1117 780 1176 compellantis
817 1118 1104 1161 hortamenta
1135 1117 1443 1172 considerans,
1482 1122 1526 1160 et
1565 1117 1664 1176 ejus

80 1198 134 1249 ‘ff
110 1183 398 1237 honestate
423 1202 474 1230 ac
492 1186 733 1230 severitate
754 1202 996 1245 propensa,
1031 1186 1138 1229 licet
1160 1186 1479 1245 praedictorum
1506 1202 1666 1244 paren-

111 1257 260 1321 {sl-tum
299 1271 504 1299 meorum
540 1259 773 1299 vereretur
805 1255 1040 1310 offensam,
1087 1255 1144 1298 ad
1179 1255 1276 1314 ejus
1318 1255 1665 1298 contubernium

107 1322 438 1374 deliberabat
454 1324 681 1368 accedere.
703 1324 755 1367 In
781 1340 868 1383 qua
890 1324 1231 1377 deliberatione
1257 1324 1340 1367 hac
1361 1330 1445 1374 est
1475 1328 1526 1367 ut
1549 1324 1668 1367 face-

72 1389 116 1455 ss„
159 1397 247 1448 ret,
258 1393 446 1452 ,prisione
472 1394 751 1452 compulsus.

82 1451 95 1506 ἶ
178 1500 183 1543 ss
220 1461 338 1506 Cum
365 1466 498 1506 nocte
524 1462 741 1506 dormiret
775 1462 821 1504 in
851 1461 1059 1505 cubiculo
1090 1461 1230 1520 (cujus
1267 1466 1311 1504 et
1349 1477 1432 1520 ego
1458 1462 1662 1516 memini,

72 1579 74 1582 ,
156 1519 162 1527 .
155 1545 323 1590 mquo
360 1530 502 1575 totius
536 1531 681 1574 nostri
704 1531 861 1608 oppidi
891 1531 1101 1589 generale
1128 1531 1362 1574 studium3
1389 1531 1658 1589 regebatur),

71 1595 115 1640 ι’
144 1558 395 1661 cujusdam
419 1600 592 1658 species
619 1600 809 1643 senioris
832 1600 1075 1659 praeferens
1096 1605 1232 1658 caput
1254 1615 1433 1653 canum,
1462 1605 1506 1643 et
1539 1599 1665 1642 habi-

73 1660 328 1718 studmis
363 1669 623 1713 omnimodo
656 1668 931 1723 reverendae,
977 1685 1116 1711 manu
1145 1685 1215 1711 me
1246 1674 1407 1712 tenens
1439 1669 1555 1712 ostio
1593 1684 1664 1711 me

154 1736 351 1784 cubiculi
367 1737 580 1781 inducere
594 1737 847 1781 videbatur.
871 1738 922 1780 In
941 1738 1069 1796 cujus
1090 1754 1194 1780 cum
1209 1738 1491 1781 substitisset
1517 1737 1659 1791 aditu,

104 1804 372 1855 lectulum
394 1806 492 1865 ejus
503 1806 614 1849 mihi
635 1807 713 1883 qui
740 1807 823 1850 hoc
844 1806 1105 1850 intuebatur
1129 1807 1344 1860 ostendit,
1367 1811 1435 1850 et:
1469 1825 1489 1846 «
1517 1806 1657 1860 Vade,

155 1873 320 1934 inquit,
357 1875 414 1919 ad
450 1891 569 1930 eum,
619 1876 723 1934 quia
759 1875 845 1918 iste
877 1874 958 1918 teb
983 1875 1228 1934 plurimum
1260 1881 1494 1918 amaturus
1525 1879 1609 1927 est,
1639 1894 1659 1915 »

82 1927 431 2020 insanumque
454 1944 567 1987 mlhl
581 1960 717 2003 quam
735 1949 942 1988 tenuerat
967 1945 1141 1998 laxans,
1179 1959 1280 1987 cum
1307 1944 1489 1987 sivisset
1518 1943 1658 1997 abire,
1696 1956 1700 1961 ·

67 1948 103 2073 ’ἶῑῖζῗ
154 2012 332 2057 cucurri
358 2012 416 2056 ad
441 2013 686 2066 hominem,
717 2018 762 2056 et
787 2029 890 2056 cum
915 2013 1084 2056 crebris
1103 2013 1174 2056 ei⁶
1167 2013 1358 2056 osculis
1373 2029 1447 2055 ora
1468 2012 1660 2070 compri-

151 2094 341 2140 merem,
358 2081 704 2140 expergiscitur,
728 2086 773 2125 et
798 2086 923 2125 tanta
945 2082 1034 2125 mei
1055 2082 1291 2125 affectione
1313 2082 1569 2140 corripitur,
1591 2086 1657 2135 ut,

155 2149 446 2197 cantationed
467 2149 647 2209 reiecta,
671 2155 718 2193 et
738 2155 979 2209 parentum
998 2166 1217 2204 meorum,
1242 2151 1407 2209 quibus
1431 2156 1525 2193 tam
1544 2150 1657 2208 ipse,

86 2253 93 2275 e
154 2232 292 2280 quam
309 2219 379 2262 sui
401 2234 456 2262 ex
476 2223 572 2263 toto
595 2218 820 2262 obnoxius
845 2225 955 2272 erat,
977 2219 1139 2262 timore
1160 2235 1358 2271 recusso,
1384 2220 1441 2262 ad
1469 2224 1659 2262 matrem

152 2301 302 2348 meam
321 2286 608 2331 habitaturus
630 2304 734 2331 cum
757 2288 855 2347 ipsa
883 2287 1165 2332 concederet.

74 2348 86 2370 ‘³
126 2400 170 2420 ⁴„
211 2355 320 2400 Erat
338 2361 490 2400 autem
509 2372 623 2415 puer
649 2357 812 2409 isdem,
836 2373 972 2416 quem
1005 2362 1191 2400 eatenus
1215 2357 1532 2410 ductitaverat,
1558 2356 1659 2414 pul-

56 2517 58 2524 Ι
90 2464 94 2471 ⁴
152 2459 170 2475 ’γ
191 2486 225 2511 a.
242 2476 360 2521 officia
374 2477 440 2511 Dei
456 2479 500 2510 D.
516 2497 556 2502 —
569 2478 605 2511 b.
625 2489 778 2521 manquc
794 2479 839 2511 D.
859 2497 901 2502 —-
914 2489 943 2511 c.
960 2489 1112 2520 manque
1126 2479 1173 2511 D.
1191 2497 1233 2502 -—-
1247 2479 1281 2511 cl.
1298 2478 1529 2510 cunctatione
1548 2478 1592 2510 D.

164 2611 224 2642 1.
249 2609 322 2642 Des
338 2609 503 2658 l'cpoque
515 2611 674 2651 caroling
665 2610 796 2649 ’,ἰειιιιο
818 2611 851 2641 la
869 2610 1072 2651 legislation
1094 2611 1295 2652 canoniquc
1323 2621 1338 2642 s
1343 2609 1408 2641 est
1432 2610 1658 2650 pieoccupe'e

52 2674 78 2688 ,·-
105 2662 111 2675 ¹
151 2650 217 2685 des
233 2651 358 2684 clerici
373 2653 547 2701 vaqantes
567 2652 764 2693 (Bm-etius·
771 2636 919 2687 Κίηιιιεο
940 2652 1494 2695 Capitul.re9.Franc.,l‚196;
1517 2652 1561 2689 1·,1
1582 2654 1657 2682 121-

47 2703 100 2738 ‘⁴-
154 2695 226 2728 122.
243 2694 312 2726 etc.
317 2694 341 2742 ),
356 2694 417 2735 qui
435 2697 519 2726 sont
529 2695 690 2726 devenus
710 2695 760 2725 les
777 2694 891 2733 gollai
893 2694 946 2725 ds

65 2742 67 2747 ⁴
196 2735 281 2768 211
298 2745 315 2766 s
327 2746 371 2776 ug
374 2737 401 2768 :t
410 2736 476 2768 des
493 2738 655 2783 parents
657 2736 703 2766 du
720 2736 846 2767 cousin
863 2736 907 2767 de
925 2735 1090 2768 Guibert.

195 2779 226 2809 ³.
250 2776 280 2809 11
293 2777 372 2809 faut
391 2779 630 2819 comprendre
647 2778 694 2808 ici
714 2776 851 2809 l'ironie
875 2778 919 2809 de
938 2777 1093 2810 Guibert
1118 2778 1251 2810 faisant
1269 2778 1406 2809 ι·ό5ἰᾶοι·
1430 2780 1532 2809 toute
1554 2775 1658 2808 luni-

154 2818 290 2851 vex-site
303 2819 352 2851 du
367 2819 495 2862 bourg,
505 2819 677 2863 qenerale
693 2818 868 2858 studium,
888 2820 978 2851 dans
991 2820 1025 2852 la
1042 2820 1214 2852 chambre
1231 2820 1278 2851 du
1291 2819 1512 2861 pedagogue.
