1930 3224
286 199 372 240 222
667 213 765 241 VEN.
803 212 994 241 sumam]
1026 213 1130 240 vim:
1161 213 1282 242 LIBER
1312 213 1357 242 ιιι

286 311 432 368 specie
451 311 513 353 sic
525 311 714 369 contigit
736 311 970 353 corruisse.
995 310 1067 352 Sic
1083 311 1213 353 mein
1228 311 1442 353 saeculum
1459 312 1542 354 hoc
1556 320 1575 340 ἃ
1597 311 1768 356 evenitb

286 380 343 421 ad
386 379 473 421 mei
511 379 845 432 correctionem,
888 383 930 420 et
975 379 1134 420 horum
1177 379 1569 422 denunciationem
1588 388 1619 434 ⁰,
1674 380 1769 424 Deo

282 447 484 504 jubente,
514 446 716 489 redissed
740 465 779 489 ».
810 446 967 488 Senior
983 462 1103 504 ergo,
1143 447 1220 503 qui
1253 447 1347 489 haec
1376 447 1486 490 mihi
1517 448 1684 501 retulit,
1713 447 1770 491 ab

286 532 337 558 eo
359 516 435 574 qui
457 515 707 558 redivivum
730 515 902 556 viderat
929 530 974 556 se
1001 515 1179 556 audisse
1198 515 1410 558 narravit.
1442 516 1559 558 Nam
1596 515 1768 558 fereba-

284 589 359 626 tur
381 584 531 637 etiam,
568 583 687 640 quod
723 583 905 625 cicatrix
940 582 1125 624 evidens
1160 587 1209 624 et¹
1232 583 1423 640 insignis
1454 583 1519 625 illi
1555 583 1770 626 remansit

286 652 331 693 in
351 657 548 709 gutture,
578 666 677 708 quae
703 651 968 692 miraculum
992 650 1310 704 circumferret,
1346 655 1390 693 et
1414 651 1571 694 abrasa
1596 651 1768 709 tentigo

285 718 635 777 pertulusum&
661 724 710 761 ut
730 719 792 761 sic
818 719 978 772 dicam,
1002 719 1058 760 ad
1080 719 1231 761 urinas
1252 719 1478 761 residuum
1503 719 1676 762 habuit.
1723 750 1725 754 «

347 790 546 833 Celebris
581 805 757 847 quoque
788 789 945 832 relatio
978 794 1062 843 est,
1108 790 1185 831 sed
1217 790 1366 832 nescio
1399 795 1552 832 utrum
1581 789 1768 847 syllabis

286 859 463 916 uspiam
489 858 815 911 commendata,
837 858 956 915 quod
977 858 1159 915 quidam
1190 858 1246 900 ad
1273 863 1437 900 sanctae
1467 858 1769 902 conversatio-

286 927 356 968 nis
379 927 581 968 habitum
601 942 654 968 ex
668 926 797 976 laico,
821 926 907 967 nisi
921 925 1065 978 fallor,
1084 941 1341 978 conversus,
1363 926 1408 968 in
1422 926 1571 984 aliquo
1591 940 1770 968 monas-

286 995 398 1037 terio
422 998 685 1046 accesserat,
715 993 1095 1051 professionisque
1118 991 1227 1036 inibi
1250 1009 1296 1036 se
1321 999 1598 1036 sacramento
1618 993 1771 1037 devin-

286 1067 410 1105 xerat
422 1077 431 1116 3
455 1063 531 1121 qui
545 1062 763 1104 minerem
781 1062 871 1103 illic
883 1062 1047 1119 regulae
1062 1061 1407 1113 observantiam,
1426 1077 1559 1120 quam
1572 1061 1767 1115 volebat,

287 1130 590 1183 considerans,
621 1135 775 1172 exacta
799 1129 853 1171 ab
874 1129 1033 1172 abbate
1060 1130 1254 1182 licentia,
1281 1130 1327 1171 in
1357 1129 1478 1172 aliud
1516 1130 1644 1188 quasi
1665 1129 1771 1172 reli-

287 1202 440 1259 giosus
486 1217 533 1244 se
575 1201 780 1254 contulit,
822 1200 971 1258 ibique
1001 1200 1238 1256 devotione
1277 1201 1607 1258 quamplurima
1637 1200 1765 1244 vixit.

288 1271 378 1322 Qui·
401 1274 502 1327 post
527 1275 705 1326 tempus
723 1269 903 1326 aliquod
927 1269 972 1310 in
995 1268 1299 1311 valetudinem
1319 1269 1491 1324 incidit,
1521 1284 1577 1311 ex
1593 1269 1769 1312 valetu—

287 1339 389 1380 dine
411 1338 535 1380 obiit.
558 1338 658 1390 Qui,
683 1353 707 1380 a
728 1337 1024 1395 praesentibus
1052 1338 1286 1388 excedenS,
1314 1337 1589 1379 diversarum
1618 1341 1770 1396 potes—

286 1411 432 1449 tatum
455 1405 790 1448 altercationem
812 1421 914 1446 mox
939 1404 1109 1448 incidit.
1140 1405 1257 1447 Nam
1276 1405 1509 1447 contrariis
1529 1397 1770 1448 virtutibus

287 1475 441 1532 primae
463 1474 753 1531 professionis
768 1473 1060 1530 irruptionem
1075 1473 1377 1526 causantibus,
1403 1473 1517 1516 lucis
1532 1473 1768 1531 spirituum

287 1540 415 1592 ratio,
448 1554 546 1596 quae
591 1554 724 1596 super
750 1539 876 1580 bonae
911 1538 1099 1580 actionis
1131 1538 1226 1596 ejus
1261 1538 1574 1581 testificatione
1609 1538 1798 1580 innite-⁴

287 1605 432 1657 batur,
470 1604 714 1662 plurimum
743 1603 1073 1645 obtundebatur
1090 1603 1121 1644 f.
1158 1603 1232 1645 Ad
1271 1604 1392 1646 Petri
1434 1619 1539 1660 ergo
1571 1603 1769 1646 coelestis

282 1673 488 1730 janitoris
512 1672 785 1715 audientiam
806 1672 994 1729 quaestio
1018 1676 1301 1729 provocatur,
1337 1671 1416 1713 sed
1453 1687 1478 1713 a
1511 1672 1644 1713 Petro
1672 1686 1773 1728 pro-

287 1741 410 1783 tinus
436 1740 692 1798 hujusmodi
717 1740 943 1782 contentio
970 1740 1025 1781 ad
1045 1739 1196 1781 divina
1223 1755 1297 1781 ora
1325 1738 1529 1781 refertur.
1549 1739 1614 1781 Re
1637 1739 1775 1796 igitur

288 1809 344 1851 ad
371 1825 473 1851 eum
485 1809 546 1851 sic
573 1809 735 1860 delata,
761 1808 868 1850 dicit
896 1808 1143 1850 Dominus:
1164 1826 1183 1847 «
1215 1808 1278 1849 Ite
1306 1807 1360 1849 ad
1381 1807 1655 1849 Richardum
1674 1806 1774 1863 jus-

287 1877 511 1919 ticiarium
531 1878 563 1929 2,
612 1882 656 1919 et
689 1892 769 1933 pro
804 1876 1024 1918 sententia
1068 1891 1202 1933 quam
1232 1875 1384 1917 tulerit
1423 1875 1553 1918 facite
1590 1892 1628 1918 ».
1671 1874 1775 1917 Fuit

288 1950 439 1987 autem
459 1945 603 1987 isdem
618 1944 882 1996 Richardus,
905 1944 975 1985 vir
1007 1959 1179 1985 summe
1200 1949 1359 2001 potens
1379 1943 1424 1984 in
1445 1943 1633 1985 terrenis
1665 1958 1771 2000 pos-

289 2013 580 2065 sessionibus,
617 2012 696 2054 sed
730 2012 871 2054 multo
906 2012 1132 2068 potentior
1163 2011 1208 2053 in
1240 2011 1356 2068 aequi
1374 2011 1575 2069 justique
1603 2010 1769 2053 tenori—

287 2082 384 2123 bus.
434 2081 507 2123 Ad
535 2081 809 2123 Richardum
844 2080 1036 2132 venitur,
1068 2095 1201 2121 causa
1244 2079 1446 2132 edicitur,
1486 2079 1708 2122 sententia
1743 2093 1766 2120 a

330 2222 362 2243 a.
383 2212 456 2242 haec
474 2211 501 2241 B
520 2210 570 2251 (et
584 2210 691 2251 D).—
707 2209 739 2240 b.
762 2209 964 2250 exponetue'
983 2209 1021 2240 B.
1034 2227 1075 2231 --
1091 2219 1123 2240 e.
1144 2208 1455 2240 denuntiationem
1467 2208 1553 2239 D.—
1569 2208 1602 2240 d.
1623 2207 1773 2239 rediisse

289 2254 405 2326 gitti—'T
421 2263 464 2324 Ie),
488 2251 628 2291 Guizot,
649 2251 753 2290 Coll.,
775 2251 818 2290 X,
846 2254 917 2290 120,
942 2261 976 2283 n.
997 2254 1025 2289 1,
1044 2250 1182 2292 corrige
1201 2252 1402 2291 pertusum.
1426 2268 1468 2272 —
1488 2249 1516 2289 f.
1545 2249 1773 2281 obtendente-

333 2464 361 2492 1.
387 2474 426 2488 z
443 2461 583 2491 Pertuis
602 2459 804 2500 (diminutis
815 2460 857 2490 de
879 2460 1094 2500 pertusum).

331 2507 360 2534 2.
387 2502 542 2533 Richard
569 2502 601 2532 le
626 2501 808 2538 Justicier,
836 2500 1041 2531 beau-frere
1074 2500 1117 2531 de
1144 2499 1289 2530 Chai-les
1317 2500 1349 2530 le
1375 2499 1519 2530 chauve
1545 2501 1581 2530 et
1607 2498 1699 2530 frere
1728 2499 1773 2531 de

290 2545 422 2577 Boson,
447 2544 500 2574 roi
519 2544 562 2574 dc
587 2543 781 2580 Provencc,
800 2542 855 2572 sut
881 2543 950 2572 duc
967 2542 1010 2572 dc
1034 2542 1245 2581 Bourgogne
1263 2542 1305 2571 de
1327 2544 1384 2571 877
1405 2540 1425 2571 a
1445 2543 1515 2572 921.
1535 2540 1607 2571 Son
1626 2550 1773 2572 sumom

290 2586 333 2616 de
351 2585 524 2616 Justicier
545 2584 644 2615 vient
668 2584 710 2614 de
735 2593 773 2614 sa
799 2583 954 2614 sevi-rite
972 2583 991 2613 a
1018 2583 1155 2613 chatier
1180 2583 1231 2613 les
1248 2581 1453 2622 coupables.
1476 2582 1526 2612 En
1550 2583 1729 2621 mourant,
1748 2581 1773 2612 il

290 2627 397 2657 disait
417 2636 423 2657 :
445 2640 458 2653 ι(
477 2626 643 2656 Pocnitet
657 2635 713 2655 me
736 2634 806 2655 non
831 2625 911 2664 plus
930 2624 1069 2660 fecisse,
1094 2624 1176 2663 quia
1200 2624 1283 2654 dum
1309 2633 1418 2653 unum
1445 2632 1597 2663 nequam
1624 2623 1770 2664 peremi.

290 2670 434 2699 centum
462 2667 609 2705 salvavi,
638 2671 672 2697 et
698 2666 802 2696 unius
823 2665 1012 2696 latrunculi
1038 2675 1102 2705 pro
1126 2665 1284 2702 interitu,
1313 2664 1389 2704 ejus
1417 2664 1609 2705 complices
1631 2674 1650 2695 a
1670 2664 1771 2695 malis

290 2709 541 2750 perpetrandis
569 2718 649 2739 suas
670 2707 922 2738 abstinuerunt
946 2717 1070 2737 manus
1096 2719 1110 2734 »
1131 2706 1290 2746 (Lebeuf,
1315 2705 1404 2736 Hist.
1431 2705 1642 2745 d'Aumerre,
1668 2707 1692 2736 t.
1723 2705 1768 2742 11,

290 2762 322 2791 p.
341 2751 404 2791 45).
