1930 3224
282 227 364 270 152
675 243 772 272 vEN.
808 243 999 272 Gulssssnri
1035 245 1138 273 viTAE
1170 245 1290 272 LIBER
1323 245 1365 273 111

284 342 600 384 reconciliabat
628 341 878 395 ecclesiam,
898 343 1357 385 excommunicandos
1374 343 1610 386 enunciavi
1622 351 1656 398 ⁸,
1684 356 1767 387 nec

287 410 436 451 minus
455 425 547 463 eos,
578 410 655 467 qui
678 410 885 467 praesidio
907 410 971 452 eis
997 415 1164 464 essent,
1190 416 1266 453 aut
1286 411 1628 454 contubernium
1653 427 1768 469 prae-

281 477 473 531 berent;
503 478 665 534 quibus
689 493 767 535 per
792 478 994 520 omnium
1024 494 1099 520 ora
1129 478 1544 533 excommunicatis,
1578 478 1766 523 ecclesia

284 546 544 588 solemniter
567 546 851 588 reconciliata
875 551 959 588 est.
986 546 1159 588 Interea
1186 546 1242 588 ad
1267 562 1397 588 aures
1434 547 1767 590 archidiacono-

280 630 381 656 rum
418 613 505 656 acb
544 629 793 671 procerum,
830 614 908 671 qui
938 614 993 656 ab
1016 614 1188 656 urbana
1215 615 1428 657 societate
1461 615 1760 669 desciverant,

283 683 583 724 anathematis
604 682 736 739 hujus
761 682 984 724 sententia
1022 682 1271 725 devehitur.
1303 683 1352 724 In
1386 698 1456 725 me
1496 683 1648 739 igitur,
1683 698 1764 740 pro

281 766 486 792 sermone
537 750 690 792 habito
745 755 789 792 et
844 750 1320 792 excommunicationis
1374 751 1759 807 pronunciatione,

281 819 482 860 omnium
505 819 686 860 illorum
714 818 1000 860 exclusorum
1027 833 1242 860 conversa
1268 823 1374 860 sunt
1406 818 1535 872 odia3
1571 818 1765 861 maxime

284 887 454 928 Galteri
499 886 799 928 archidiaconi
841 886 1022 943 grandis
1056 891 1123 928 est
1161 886 1401 928 adversum
1443 902 1514 928 me
1552 901 1766 929 succensa

281 954 504 998 vecordia.
542 955 649 996 Erat
691 954 915 1012 siquidem
961 954 1113 996 audire
1141 954 1383 996 immanem
1421 954 1656 1008 tonitrum,
1697 954 1768 997 cui

282 1028 449 1076 tamen,
493 1023 587 1064 Deo
628 1028 824 1075 auctore,
876 1021 1103 1078 fulgurum
1146 1022 1296 1064 nullus
1343 1038 1473 1064 casus
1511 1021 1764 1066 accesserit.

283 1090 411 1132 Clam
438 1091 484 1131 in
512 1106 582 1132 me
615 1090 660 1132 in
694 1081 905 1148 promptu
934 1090 1182 1132 reverentia
1198 1098 1228 1132 ⁶.

342 1158 486 1215 Igitur
506 1159 561 1200 ad
582 1174 676 1200 rem
706 1159 940 1200 redeamus
970 1158 1197 1200 omissam.

344 1227 558 1272 Armatus
574 1226 595 1252 ‘¹
619 1227 780 1283 sigillis
795 1232 840 1269 et
858 1226 1059 1283 apicibus
1070 1226 1346 1282 apostoliciS,
1369 1226 1577 1268 dominus
1601 1226 1767 1284 praesul

283 1295 425 1336 Roma
462 1295 725 1351 regreditur.
766 1295 863 1336 Rex
901 1299 1070 1347 autem,
1107 1294 1305 1336 Gerardo
1345 1294 1506 1348 occiso,
1554 1294 1763 1352 quoniam

282 1363 540 1419 episcopum
589 1362 722 1419 hujus
758 1362 966 1404 facinoris
1007 1362 1236 1404 conscium
1269 1362 1451 1403 omnino
1478 1362 1761 1419 opinabatur,

281 1431 401 1487 quod
446 1429 591 1472 fucata
618 1430 840 1472 absentia
884 1435 1034 1485 tegere
1084 1430 1324 1483 nitebatur,
1379 1435 1521 1472 totam
1568 1430 1766 1487 episcopi

249 1498 449 1553 ¹curiam
488 1498 629 1555 fruge,
674 1499 795 1551 vino,
839 1513 889 1540 ac
931 1498 1073 1539 larido
1113 1497 1295 1555 spoliari
1337 1502 1623 1554 praeceperat.
1670 1498 1764 1541 Nec

283 1566 506 1608 eundem0
527 1566 680 1608 Romae
704 1567 900 1623 positum
917 1566 1063 1623 praeda
1091 1571 1134 1608 et
1163 1565 1325 1623 praedae
1362 1581 1495 1607 causa
1527 1565 1782 1608 latuerat¹.‘

281 1634 398 1689 Ergo
446 1634 502 1675 ad
537 1649 705 1691 regem,
753 1634 830 1691 qui
881 1649 982 1676 eum
1023 1649 1048 1675 a
1088 1634 1193 1676 sede
1239 1633 1480 1675 arcendum
1533 1638 1766 1676 censuerat

279 1703 464 1759 suisque
491 1702 762 1759 privaverat,
788 1702 928 1744 literae
953 1706 1058 1743 sunt
1092 1701 1354 1753 destinatae;
1388 1702 1443 1743 ad
1476 1698 1765 1759 coepiscopos

280 1776 324 1812 et
357 1770 542 1812 abbates
573 1786 664 1812 suae
694 1775 737 1812 et
776 1770 965 1811 aliorum
1003 1769 1264 1811 dioceseosf
1297 1769 1448 1811 alterae
1470 1769 1525 1811 ab
1567 1785 1618 1811 eo
1658 1774 1765 1812 sunt

280 1838 427 1880 allatae
447 1852 454 1891 ς
486 1838 564 1879 sed
585 1838 798 1894 quoniam
819 1838 936 1880 inter
964 1838 1284 1879 Laudunenses
1304 1842 1348 1879 et
1370 1837 1559 1880 Suessos
1581 1842 1767 1894 pontem

278 1908 456 1966 Aquilae
479 1909 604 1950 fluvii
626 1909 907 1950 limitaneum
946 1924 1043 1950 esse
1083 1908 1372 1965 praediximus
1386 1908 1417 1961 2,
1458 1907 1703 1950 introeunti
1726 1907 1766 1950 ei
1791 1926 1793 1928 ·

278 1978 467 2034 primam
502 1977 719 2033 parochiae
747 1977 936 2034 propriae
963 1976 1141 2033 glebam
1171 1981 1410 2018 occurrunt
1440 1991 1764 2034 propere,quos

276 2045 450 2101 pridem
477 2045 1041 2097 excommunicaveramus,
1060 2044 1361 2086 archidiaconi
1383 2044 1463 2092 sui,
1477 2049 1521 2086 et
1535 2059 1756 2101 proceres

277 2112 398 2164 Quos
418 2113 557 2154 tantis
581 2112 836 2154 osculorum
863 2118 997 2169 atque
1015 2113 1335 2169 complexuum
1366 2112 1562 2169 suscepit
1594 2112 1762 2154 affecti-

276 2180 375 2233 bus,
394 2185 443 2222 ut
460 2181 608 2222 Beatae
623 2181 790 2233 Marioe,
815 2181 901 2234 cui,
928 2181 1020 2222 Deo
1033 2185 1230 2233 auctore,
1250 2180 1488 2234 servimus,
1507 2180 1759 2234 ecclesiam,

276 2264 411 2305 quam
426 2248 470 2289 in
483 2248 553 2290 sui
568 2248 734 2289 finibus
757 2249 1047 2304 pontificatus
1068 2247 1259 2305 primam
1274 2248 1535 2302 offenderat,
1554 2263 1634 2290 suo
1656 2247 1765 2290 visi-

276 2321 374 2358 tatu
398 2331 682 2373 nequaquam
706 2316 888 2372 dignam
907 2316 1103 2369 duceret,
1122 2331 1220 2358 cum
1238 2331 1293 2357 ex
1318 2315 1415 2372 ejus
1429 2324 1452 2350 9
1477 2315 1616 2358 latere
1634 2315 1767 2358 diuti-

321 2447 352 2467 a.
373 2436 559 2467 enuntiavi
576 2436 620 2467 D.
636 2455 677 2458 —
692 2436 726 2468 b.
745 2438 777 2467 et
791 2437 834 2467 D.
847 2447 924 2468 —c.
938 2436 1074 2467 Phrase
1093 2436 1319 2476 incomplete.
1333 2454 1373 2459 ——
1391 2436 1423 2467 d.
1442 2436 1492 2467 Ici
1510 2445 1716 2467 commence
1733 2435 1766 2467 le

286 2488 364 2518 cap.
389 2478 433 2508 Vl
460 2479 503 2508 de
528 2478 690 2508 l'edition
719 2479 762 2508 de
786 2477 966 2519 Dachery.
986 2497 1026 2501 —
1049 2488 1077 2509 e.
1100 2477 1263 2509 eumdem
1282 2477 1324 2509 D.
1352 2496 1372 2500 -
1400 2477 1426 2517 f.
1450 2477 1638 2509 dioeceseos
1658 2476 1703 2509 D.
1726 2495 1766 2500 —

281 2529 317 2560 y.
337 2519 412 2550 avis
434 2529 478 2550 ou
497 2519 576 2550 aius
590 2519 834 2550 interlineaire
850 2519 888 2549 B.

317 2688 343 2716 l.
371 2684 540 2724 Excmple
563 2685 822 2715 extrdmement
849 2694 925 2715 rare
956 2685 1002 2714 (lu
1029 2684 1092 2725 jus
1119 2684 1228 2725 spolii
1258 2682 1427 2724 applique
1456 2684 1660 2715 autrcment
1690 2693 1760 2724 que

275 2736 366 2766 pour
380 2735 485 2756 causc
500 2726 543 2756 dc
561 2729 666 2757 mort.

317 2770 344 2797 2.
370 2767 423 2797 Cf.
441 2767 461 2797 Ι.
484 2767 509 2803 Ι,
528 2776 558 2798 c.
581 2777 647 2797 xix.
