1930 3224
535 274 632 303 VEN.
670 274 864 302 oulssERTi
899 273 1005 302 vrrAE
1037 273 1158 301 Limen
1191 272 1234 300 111
1565 257 1649 298 145

81 391 88 398 ·
146 367 592 429 urbisfvmonasterii
631 371 911 429 puellarum1
946 370 1239 424 castellanus,
1274 369 1456 412 nomine
1478 369 1652 412 'Gerar-

149 439 282 493 dus'2,
310 439 382 483 vir
418 439 666 482 admodum
707 444 919 483 strenuus
953 444 1063 482 erat.
1091 439 1193 491 Qui,
1237 438 1447 496 quamvis
1481 443 1651 480 statura

148 508 277 552 brevi
314 513 361 552 et
390 508 499 551 exili
527 507 807 551 carnulentia
845 508 1088 561 videretur,
1134 512 1272 550 tantae
1310 506 1567 549 vivacitatis
1600 510 1644 548 et

149 577 354 635 linguam
376 576 572 620 habebat
592 581 637 619 et
653 577 872 631 animum,
903 581 1076 620 tantam
1099 575 1394 619 acrimoniam
1421 575 1467 617 in
1502 574 1653 617 studio

150 660 394 696 armorum,
439 649 491 688 ut
527 645 573 687 in
612 645 898 698 suessorum,
947 644 1332 697 Laudunensium,
1379 643 1654 686 Noviomen—

151 714 270 758 sium
291 713 536 772 Provinciis
561 713 769 756 timorem
789 713 874 756 sibi
890 714 1117 756 addiceret
1137 718 1180 755 et
1198 712 1496 755 reverentiam
1511 711 1654 769 pluri-

151 797 344 826 morum.
396 782 440 824 Is
485 787 708 839 quantum
762 782 996 840 probibate
1045 783 1179 839 longe
1226 782 1404 839 lateque
1449 780 1651 838 patebat,

151 855 279 894 tanto
317 850 462 894 acrius
505 850 778 908 aliquotiens
832 851 948 893 circa
982 866 1028 893 se
1073 851 1247 908 positos
1283 865 1490 892 sermone
1526 848 1655 891 illoto

153 918 403 972 mordebat,
427 918 550 977 quod
583 923 734 962 tamen
763 934 988 977 nusquam
1025 918 1168 977 probo
1195 917 1382 961 cuilibet
1416 917 1652 960 inferebat.

152 986 283 1032 Unde
310 987 480 1030 factum
499 988 612 1041 est3,
631 992 684 1030 ut
709 987 951 1030 comitissae
983 987 1066 1041 illi,
1107 988 1161 1030 de
1200 1003 1289 1045 qua
1333 1002 1469 1045 supra
1509 1002 1656 1029 sermo

153 1060 222 1099 est
243 1055 442 1110 habitus,
469 1057 586 1098 clam
612 1056 827 1114 derogare
854 1061 899 1099 et
924 1061 1077 1114 aperte
1098 1056 1326 1114 indignari
1346 1056 1580 1114 reciperet,
1611 1055 1658 1096 in

153 1139 206 1168 eo
238 1128 391 1168 autem
436 1122 774 1182 perversissime
819 1141 976 1182 agens,
1013 1125 1134 1183 quod
1169 1125 1386 1167 adversus
1427 1125 1659 1182 Ingelran-

154 1207 280 1246 num,
307 1193 534 1251 praedictae
557 1193 754 1236 foeminae
772 1201 791 1220 ἃ
808 1194 1110 1246 obsessorem,
1139 1194 1215 1251 qui
1240 1209 1344 1235 eum
1365 1193 1543 1249 magnis
1565 1191 1659 1249 opi-

154 1260 240 1304 bus
267 1262 505 1311 extulerat,
538 1261 818 1320 insurgebat.
855 1263 1119 1320 Antequam
1146 1277 1252 1304 vero
1287 1262 1524 1304 sortiretur
1549 1276 1660 1304 uxo—

154 1345 267 1382 rem,
290 1330 410 1388 apud
434 1329 703 1372 foeminamb
729 1346 867 1388 quam
892 1331 1086 1374 dicimus
1120 1331 1237 1373 male
1277 1330 1510 1372 familiaris
1545 1329 1660 1372 exti-

157 1403 290 1442 terat.
327 1397 439 1440 Cum
481 1414 586 1456 ergo
620 1407 755 1441 eumc
784 1399 861 1441 diu
884 1399 983 1442 loco
1009 1399 1167 1442 amasii
1192 1398 1442 1450 habuisset,
1474 1403 1656 1455 accepta

154 1466 360 1526 conjuge,
391 1467 457 1509 ab
498 1466 596 1525 ejus
629 1467 853 1510 lenocinio
890 1468 1114 1511 contraxit
1154 1467 1370 1510 habenas.
1413 1467 1661 1525 Coeperunt

155 1540 200 1579 et
239 1535 349 1594 ipsae
406 1535 617 1578 mulieres
658 1536 810 1578 verbis
849 1536 935 1579 sibi
969 1536 1177 1595 turpibus
1212 1537 1381 1594 pariter
1411 1535 1657 1579 adversari.

156 1604 358 1648 Fuerunt
388 1604 509 1647 enim
536 1609 694 1648 mutuo
727 1605 1017 1663 antiquarum
1046 1621 1230 1648 suarum
1264 1605 1503 1647 levitatum
1528 1620 1660 1647 cons-

150 1672 252 1726 ciae,
303 1678 348 1716 et
386 1677 514 1715 tanto
553 1673 857 1731 loquebantur
892 1673 1070 1727 foedius,
1112 1678 1280 1732 quanto
1316 1678 1536 1716 noverant
1563 1689 1662 1715 sese

157 1741 390 1785 secretius.
440 1741 638 1785 Furebat
686 1742 836 1800 itaque
887 1743 1118 1786 comitissa
1170 1743 1246 1785 illa
1294 1734 1515 1785 adversus
1563 1742 1662 1800 ejus

157 1810 386 1864 maritum,
407 1815 626 1869 tanquam
653 1825 782 1869 passa
805 1812 1043 1870 repudium
1066 1812 1283 1854 adversus
1316 1810 1579 1868 conjugem,
1607 1826 1662 1853 ex

156 1877 288 1936 cujus
314 1894 390 1921 ore
412 1878 624 1937 frequens
646 1879 732 1921 sibi
777 1880 947 1923 sciebat
965 1880 1219 1938 intorqueri
1245 1880 1506 1923 convicium
1521 1879 1557 1932 d,
1595 1885 1655 1932 et,

159 1947 276 1991 sicut
313 1947 410 2006 ipsa
451 1953 547 1991 erat
596 1949 719 1990 omni
764 1954 971 2006 serpente
1019 1949 1268 2002 nocentior,
1314 1949 1371 1991 ad
1418 1948 1665 2007 perniciem

158 2015 356 2058 hominis
376 2016 423 2059 in
446 2015 544 2059 dies
567 2016 841 2061 reddebatur
861 2018 1018 2061 acrior.

202 2138 234 2161 a.
246 2108 395 2169 feminae
406 2129 477 2170 Du,
488 2129 531 2161 D.
545 2147 585 2153 -
598 2129 633 2162 b.
649 2129 825 2170 feminam
836 2130 906 2170 Du,
926 2131 969 2163 D.
982 2149 1024 2154 —-
1035 2141 1068 2163 c.
1092 2141 1169 2163 eam
1184 2131 1252 2163 Du.
1269 2131 1352 2162 ——d.
1368 2131 1432 2162 Fin
1451 2131 1498 2162 du
1515 2133 1547 2160 2·
1561 2141 1662 2172 para-

160 2170 297 2212 graphe
313 2171 358 2202 de
375 2171 445 2203 Du.

204 2296 233 2325 1.
260 2293 289 2325 11
315 2293 420 2334 s'agit
442 2294 487 2326 de
513 2293 679 2337 l'abbaye
702 2295 933 2328 be'iiedictine
958 2296 1002 2328 de
1030 2296 1238 2329 Saint-Jean
1269 2297 1312 2327 de
1339 2295 1448 2330 Laon.
1476 2294 1606 2326 sondde
1626 2305 1669 2326 au

162 2341 226 2367 vn*
244 2335 353 2367 siecle
374 2345 441 2377 par
460 2336 578 2368 sainte
603 2336 796 2378 Salaberge
818 2339 855 2369 et
882 2337 962 2369 (Γοὺ
984 2338 1147 2379 Γόνόᾳυε
1172 2338 1405 2378 Barthelemy
1423 2338 1467 2368 de
1494 2337 1559 2368 Vir
1582 2339 1619 2368 ct
1637 2337 1669 2368 lc

162 2387 255 2425 pape
275 2377 452 2409 Innocent
471 2378 502 2409 ΙΙ
521 2379 653 2410 durent
677 2379 826 2410 chasser
842 2380 894 2410 les
919 2390 1058 2412 nonnes
1086 2390 1179 2421 pour
1201 2380 1481 2411 desobeissancc
1507 2382 1543 2410 ct
1570 2389 1670 2410 mau-

162 2429 264 2451 vmse
288 2419 472 2458 conduite,
500 2423 681 2451 1129-1130
700 2421 808 2461 (Gall.
838 2421 987 2460 Christ„
1016 2424 1043 2454 t.
1066 2422 1127 2461 lx,
1154 2422 1222 2453 col.
1251 2425 1307 2452 187
1334 2432 1400 2462 sq.,
1427 2423 1464 2452 et
1488 2421 1668 2462 Dachcry,

163 2460 277 2534 gotae,
296 2471 332 2502 p.
357 2461 444 2534 6t52).
464 2461 511 2493 La
529 2462 734 2503 prefecture
753 2465 809 2494 est
831 2464 1061 2505 aujourd'hui
1088 2463 1254 2495 installce
1280 2464 1369 2495 dans
1396 2464 1447 2494 les
1472 2463 1669 2494 batimcnts

190 2513 212 2534 u
230 2512 370 2534 couven
394 2528 401 2534 .

206 2547 238 2576 2.
263 2544 402 2577 Germ-d
419 2545 465 2576 de
484 2545 638 2587 Quierzy
657 2545 747 2577 ctait
771 2557 815 2578 en
839 2546 966 2578 realite
991 2547 1107 2580 avouc
1132 2548 1176 2579 dc
1202 2547 1369 2588 l'abbayc
1395 2548 1438 2578 dc
1464 2546 1671 2578 Saint-Jean

165 2586 210 2618 de
228 2585 339 2618 Laon.
357 2586 412 2618 On
431 2588 579 2618 connait
596 2588 640 2618 de
659 2587 707 2619 lui
726 2589 821 2620 deux
839 2589 1034 2621 donatione
1055 2599 1061 2621 :
1082 2589 1187 2628 sune,
1208 2600 1251 2621 cn
1271 2592 1363 2628 1109,
1382 2590 1401 2620 a
1420 2588 1672 2619 Saint-Martin

165 2628 209 2660 de
226 2627 385 2660 Tournai
405 2628 605 2667 (Luchaire,
632 2630 726 2661 Αηη.
752 2631 795 2662 de
815 2630 847 2663 la
866 2630 921 2662 vie
938 2631 981 2663 de
1004 2631 1112 2663 Louis
1137 2631 1193 2671 VI,
1214 2638 1252 2662 n⁰
1272 2633 1322 2669 84,
1345 2641 1378 2671 p.
1399 2631 1523 2671 4546),
1543 2630 1672 2661 l'autrc

165 2669 186 2701 a
202 2669 370 2712 l'albbaye
388 2671 432 2702 de
451 2670 656 2712 Longpont,
675 2672 870 2704 confirmae
889 2683 953 2714 par
971 2673 1078 2705 Louis
1098 2673 1146 2703 V1
1172 2683 1214 2704 cn
1246 2672 1544 2713 1¹3³(Luchaire,
1567 2671 1669 2709 ibid.,

166 2717 204 2743 n⁰
223 2713 297 2749 514,
315 2722 351 2752 p.
371 2714 456 2753 236).
482 2713 538 2744 Un
563 2713 607 2744 dc
633 2723 690 2744 scs
714 2714 957 2746 descendants
982 2725 1065 2747 sans
1093 2716 1205 2746 doute
1230 2717 1288 2746 est
1314 2714 1452 2745 l‘avoue'
1477 2714 1520 2744 (le
1546 2713 1673 2744 Notrc-

166 2753 281 2785 Darne
299 2753 342 2784 de
359 2753 609 2795 Soissons‚qui
628 2757 732 2796 porte
751 2756 782 2787 le
806 2757 922 2788 meme
941 2767 1026 2789 nom
1055 2757 1255 2797 (Luchairc,
1278 2748 1332 2788 Et.
1354 2766 1421 2787 sur
1443 2755 1491 2787 les
1510 2757 1606 2795 acles
1630 2754 1672 2786 (le

168 2794 277 2827 Louis
302 2794 376 2834 VII,
394 2795 522 2835 Galat„
542 2805 580 2828 nu
601 2800 671 2833 179.
692 2807 726 2838 p.
751 2799 832 2838 157).

210 2840 240 2868 3.
266 2835 320 2869 Cf.
341 2837 363 2868 l.
385 2837 448 2876 Ill,
468 2848 554 2869 can.

298 2905 368 2934 Ven.
392 2906 539 2934 Guiberti
557 2907 631 2935 vila.
1481 2913 1514 2939 Η»
