1930 3224
249 214 331 257 190
660 227 758 256 VEN.
795 226 986 255 GUlBERTl
1019 228 1124 255 VlTAE
1157 228 1277 257 Lmen
1309 229 1353 256 111

308 326 359 368 In
382 325 513 368 tertia
531 315 819 383 profecti-one,
848 325 966 382 apud
1001 325 1257 382 Nigellam1
1287 341 1363 368 eos
1389 326 1579 384 contigit
1601 327 1732 370 deve-

247 395 342 436 nire
368 393 619 436 castellum.
651 391 856 434 Habebat
884 397 1035 434 autem
1073 392 1319 435 Radulfusa
1354 394 1563 436 dominus
1597 394 1734 437 castri

247 462 413 520 ipsius‘2
433 461 647 519 juvenem
670 464 846 501 mutum
867 464 910 502 et
937 460 1123 502 surdum
1145 461 1191 502 in
1224 462 1356 503 domo
1390 477 1485 515 sua,
1521 477 1654 520 quem
1690 466 1736 504 et

247 529 542 589 perhibebant
589 527 820 570 divinandi
867 527 1116 581 scientiam,
1169 529 1290 571 haud
1340 529 1528 572 dubium
1577 529 1684 587 quin
1707 545 1732 572 a

247 596 542 650 daemonibus,
586 595 747 637 habere
784 609 793 638 :
841 611 975 652 quem
1013 601 1057 638 et
1103 596 1202 639 ideo
1239 597 1485 654 plurimum
1508 596 1735 640 ferebatur

248 681 411 708 amare.
440 665 584 707 Sacrae
611 678 716 720 ergo
751 663 950 720 reliquiae
976 668 1123 706 castro
1146 664 1351 718 invectae,
1381 665 1489 707 satis
1521 665 1733 707 tenuibus

247 733 442 777 donariis
463 736 568 774 sunt
589 746 614 773 a
636 730 804 788 populo
831 731 1074 774 honoratae.
1108 731 1187 774 Ille
1218 739 1368 775 autem
1394 738 1546 775 mutus
1572 738 1617 775 et
1636 748 1732 775 sur-

247 803 347 854 dus,
377 801 448 842 cui
473 799 647 857 praefati
669 798 783 841 muti
810 803 854 840 et
886 799 1009 841 surdi
1033 815 1113 856 per
1145 800 1495 857 significationes
1523 801 1733 843 innotue-

247 874 316 911 rat
339 868 525 920 sanitas,
546 867 684 908 immo
711 871 754 908 et
775 867 1012 923 praesentia
1040 867 1290 921 videbatur,
1324 869 1484 910 calceis
1513 868 1608 911 suis
1636 868 1732 911 cui-

247 938 347 980 dam
394 935 578 993 pauperi
615 934 857 987 attributis,
900 935 1107 993 nudipes,
1157 940 1202 977 et
1245 941 1393 978 mente
1447 939 1730 994 compuncta,

249 1008 533 1049 Lehumnum
563 1005 884 1047 monasterium
905 1007 920 1033 3
948 1021 1089 1064 usque
1125 1006 1309 1064 pignera
1343 1022 1468 1049 sacra
1503 1006 1737 1066 prosequi-

247 1079 334 1117 tur.
364 1074 569 1131 Cumque
590 1073 673 1115 sub
689 1073 849 1115 feretro
871 1073 1066 1115 interdiu
1086 1073 1342 1127 excubaret,
1366 1075 1471 1117 hora
1489 1069 1737 1134 prandendi

247 1143 528 1200 contigerat3
557 1141 763 1199 plurimis
796 1141 946 1199 itaque
980 1142 1245 1184 clericorum
1274 1142 1483 1185 euntibus
1517 1158 1660 1197 esum,
1692 1147 1737 1185 et

248 1227 385 1268 parvo
407 1225 591 1252 numero
613 1210 669 1251 ad
695 1210 946 1251 custodiam
971 1215 1227 1252 remanente
1266 1225 1509 1264 sacrorum,
1551 1225 1654 1253 cum
1692 1215 1737 1253 et

247 1279 334 1336 ipsi
361 1278 593 1337 paululum
616 1282 735 1319 extra
767 1277 1003 1319 ecclesiam
1030 1277 1367 1320 deambulatum
1398 1278 1556 1332 issent,
1590 1293 1738 1321 rever-

247 1352 396 1389 tentes
416 1346 653 1388 inveniunt
680 1345 909 1387 hominem
939 1346 1035 1387 solo
1078 1350 1266 1388 stratum
1300 1351 1531 1404 tantopere
1564 1346 1731 1398 vexari,

247 1420 297 1457 ut
324 1414 379 1456 ab
406 1429 480 1456 ore
507 1414 647 1470 ipsius
665 1418 708 1455 et
731 1412 913 1455 auribus
943 1429 1072 1455 cruor
1104 1430 1205 1456 cum
1244 1429 1408 1470 magno
1441 1401 1605 1457 foetore‘
1632 1417 1735 1472 pro-

250 1483 423 1525 flueret.
454 1482 553 1534 Quo
578 1482 727 1523 clerici
753 1482 865 1534 viso,
895 1485 938 1522 et
956 1482 1117 1534 socios,
1151 1482 1227 1539 qui
1257 1498 1467 1539 pransum
1494 1482 1652 1535 ierant,
1678 1482 1735 1524 ad

247 1551 475 1592 theatrum
492 1549 820 1592 tantimiraculi
833 1549 1096 1591 accelerant.
1117 1550 1152 1591 E
1172 1549 1529 1607 spasmobigitur
1539 1550 1733 1603 rediens,

247 1635 272 1661 a
296 1618 495 1660 clericisc
522 1633 577 1659 an
612 1617 736 1674 loqui
774 1617 937 1671 valeat,
968 1617 1116 1659 nescio
1153 1618 1315 1675 quibus
1353 1617 1517 1671 verbis,
1546 1618 1737 1660 interro-

247 1687 394 1744 gando
420 1690 636 1728 tentatur.
667 1685 774 1727 Mox
801 1677 876 1726 ille
896 1685 1051 1727 eadem
1076 1701 1175 1742 quae
1210 1686 1411 1728 audierat
1444 1701 1468 1727 a
1501 1690 1738 1742 perconta-

246 1754 378 1797 tored
399 1753 644 1811 respondit.
691 1753 894 1795 Infinitas
934 1754 1082 1795 cuncti
1118 1753 1284 1811 glorias
1332 1754 1377 1795 in
1400 1754 1597 1806 vsublime
1643 1754 1739 1796 Deo

246 1823 447 1865 tulerunt
463 1837 471 1875 ς
490 1821 590 1880 quis
615 1821 732 1862 dicat
753 1820 950 1878 jubilos?
976 1821 1175 1879 Denique
1200 1822 1255 1863 ad
1277 1821 1502 1878 Nigellam
1523 1821 1738 1879 oppidum

248 1890 519 1932 omnimodis
539 1889 746 1945 precibus
769 1888 909 1931 redire
930 1894 1167 1946 coguntur,
1187 1894 1238 1931 ut
1269 1889 1389 1946 quod
1423 1890 1561 1932 sacris
1587 1889 1737 1931 minus

247 1959 392 2015 primo
414 1958 681 2008 detulerant,
704 1957 989 2014 integerrime
1011 1958 1316 2014 suppleretur3
1354 1957 1473 2014 quod
1499 1962 1543 1999 et
1575 1957 1738 2000 eximie

247 2026 414 2068 factum
455 2031 538 2068 est.
583 2025 639 2067 Et
669 2025 740 2066 hic
785 2040 830 2066 se
881 2024 1139 2067 clarificavit
1186 2026 1393 2078 Domina,
1436 2025 1563 2083 cujus
1596 2025 1737 2067 Filius

250 2095 387 2146 Deus,
415 2110 513 2152 quae
537 2094 767 2149 hucusque
794 2093 1030 2134 distulerat
1056 2098 1226 2134 naturae
1255 2093 1369 2135 dona
1403 2088 1687 2135 consummat
1701 2093 1732 2136 4.

289 2207 321 2228 a.
344 2196 557 2236 Radulphus
577 2196 672 2226 D.—
690 2195 723 2226 b.
739 2205 880 2236 epasmo
898 2195 941 2226 D.
956 2195 1097 2234 Guizot,
1112 2195 1215 2234 Coll„
1233 2198 1257 2227 t.
1276 2196 1320 2235 X,
1334 2206 1368 2236 p.
1383 2199 1431 2234 79,
1445 2206 1478 2227 n.
1495 2199 1523 2235 1,
1536 2206 1691 2237 propose
1706 2197 1739 2228 la

248 2238 450 2269 correction
469 2247 485 2268 e
502 2247 656 2278 spasmo.
675 2255 715 2259 —
739 2247 768 2268 c.
794 2236 943 2267 clericos
968 2238 1012 2268 D.
1038 2255 1078 2259 —
1101 2237 1134 2269 d.
1156 2238 1429 2277 percunctatore
1447 2237 1491 2269 D.

290 2372 317 2399 1.
347 2368 375 2398 11
394 2378 418 2409 y
436 2378 454 2399 a
470 2367 658 2407 beaucoup
673 2368 716 2398 de
736 2368 842 2398 Nesle
860 2368 949 2398 dans
967 2368 998 2398 lc
1020 2367 1122 2399 N.-O.
1139 2368 1181 2398 de
1200 2367 1233 2398 la
1249 2368 1394 2407 France,
1418 2370 1453 2399 et
1477 2378 1523 2399 on
1548 2378 1591 2399 en
1613 2370 1742 2399 trouve

247 2420 294 2440 uu
316 2410 429 2440 meme
449 2410 536 2439 dans
555 2407 703 2446 l'Aisne,
723 2411 818 2439 cant.
837 2410 880 2439 de
893 2409 1231 2449 Chateau-Thierry.

254 2486 256 2488 .
289 2455 318 2483 2.
344 2450 407 2481 S'il
433 2450 536 2490 s'agit
554 2451 601 2480 du
628 2450 772 2490 Niqella
795 2451 1031 2488 soissonnais,
1053 2451 1245 2490 rappelons
1264 2461 1332 2491 que
1354 2451 1469 2482 Raoul
1495 2451 1539 2481 de
1556 2451 1661 2482 Nesle
1685 2453 1742 2482 est

247 2491 444 2532 apparente
468 2502 511 2522 au
528 2493 649 2533 ¹comte
666 2492 708 2521 de
724 2491 906 2529 Soissons,
940 2491 1032 2530 Ivcs,
1068 2492 1139 2522 sire
1157 2491 1201 2522 de
1223 2492 1329 2522 Nesle
1352 2492 1528 2533 (1146—78).
1551 2492 1742 2523 Toutcsois

248 2534 298 2564 les
323 2535 470 2564 auteurs
494 2533 539 2563 de
560 2533 651 2563 l’Art
668 2532 710 2563 de
725 2532 870 2573 ve'rifier·
887 2532 936 2563 Les
951 2533 1062 2571 dates,
1080 2535 1104 2563 t.
1123 2533 1167 2569 11,
1185 2543 1218 2573 p.
1235 2536 1306 2571 729,
1323 2535 1538 2574 repousseut
1551 2533 1653 2564 l‘idee
1670 2543 1739 2573 que

249 2575 280 2605 la
296 2575 392 2604 merc
411 2574 539 2612 d’Ives,
561 2574 819 2607 Ramentrude.
842 2574 914 2604 soit
930 2575 963 2604 la
980 2575 1112 2605 femme
1131 2575 1174 2604 de
1197 2574 1321 2605 Raoul.

289 2619 318 2647 3.
345 2615 497 2655 Abbaye
513 2615 737 2646 clunisienne
756 2616 798 2646 de
815 2615 1227 2655 Lihons—cn-Sangterre
1245 2615 1428 2656 (Somme).

290 2658 319 2687 4.
345 2657 398 2687 Cf.
421 2656 579 2687 Herman
604 2657 647 2687 de
666 2656 774 2690 Laon,
801 2656 867 2687 loc.
883 2656 956 2691 cit.,
980 2657 1000 2687 l.
1019 2656 1063 2694 ΙΙ,
1083 2666 1113 2688 c.
1134 2667 1154 2694 1,
1180 2657 1248 2687 col.
1268 2660 1338 2687 973.
1359 2657 1517 2688 Herman
1539 2657 1592 2688 dit
1608 2660 1677 2698 que
1697 2667 1737 2688 ce

249 2698 395 2728 mir-acle
408 2700 469 2728 eut
486 2698 554 2728 lieu
574 2708 618 2728 au
636 2698 768 2728 second
787 2708 935 2737 voyage.
953 2698 1106 2728 Guibert
1121 2698 1212 2729 tient
1230 2699 1402 2738 pourtant
1421 2708 1560 2729 comme
1580 2699 1736 2729 Herman

250 2750 314 2769 son
333 2739 423 2769 recit
437 2740 500 2770 dcs
522 2741 688 2779 porteurs
710 2740 753 2770 de
775 2739 898 2770 chasse
915 2739 961 2779 (v.
982 2749 1014 2779 p.
1035 2742 1105 2779 191,
1128 2750 1162 2770 n.
1185 2740 1226 2780 1).
