1930 3224
545 229 640 258 vssN.
680 229 871 257 nminem]
909 229 1014 257 vmss
1046 229 1168 257 tumn
1202 229 1245 256 ιιι
1571 215 1657 257 223

151 326 377 371 Richardo
398 327 691 385 depromitur.
719 346 740 367 «
769 327 1012 383 Quoniam,
1034 327 1198 386 inquit,
1224 327 1386 384 prioris
1402 335 1418 353 ἃ
1454 327 1657 385 sponsio-

146 395 218 438 nis
243 400 424 439 tenetur
450 411 572 449 reus,
596 396 843 453 perjurium
869 397 1054 439 evidens
1089 395 1332 439 incurrisse
1356 394 1653 453 dignoscitur,

149 479 231 508 nec
246 464 462 523 injustam
478 480 662 507 causam
676 464 696 491 ¹²
711 464 878 507 habent
890 465 1134 518 daemones,
1153 463 1361 522 quamvis
1381 463 1446 506 eis
1461 463 1656 506 multum

144 532 281 591 justae
311 528 508 575 hominis
531 532 719 576 obvient
754 534 978 586 actiones;
1010 534 1088 576 sed
1125 548 1221 575 mea
1257 548 1311 574 ex
1347 533 1441 575 Deo
1469 548 1656 575 censura

151 600 409 648 denunciat,
433 607 484 644 ut
498 601 592 644 haec
611 602 930 644 emendaturus
954 602 1011 644 ad
1026 601 1240 644 saeculum
1263 600 1406 643 redire
1431 600 1592 643 debeat
1614 619 1651 644 ».

151 669 227 712 Ad
252 685 442 728 superos
478 670 631 729 itaque
664 663 950 729 ille'pridem
979 670 1114 712 funus
1153 685 1405 727 emergenS,
1442 669 1653 712 abbatem

152 743 325 793 evocat,
358 738 467 797 quid
492 739 672 792 viderit,
700 739 917 788 insinuat,
955 739 1135 797 culpam
1167 738 1437 781 desertionis
1470 754 1522 781 ac
1556 754 1656 796 per-

147 804 258 863 jurii
283 805 463 864 publice
492 806 655 859 fassus,
688 808 742 850 ad
774 808 1016 865 pristinum
1044 807 1370 850 monasterium
1397 807 1650 850 revertitur.

155 873 286 918 Unde
320 875 499 918 noverit
553 876 702 918 omnis
765 876 841 934 qui
881 876 1059 934 uspiam
1098 883 1398 934 quoeunquec
1437 875 1522 917 sub
1572 875 1655 918 Dei

151 943 335 986 nomine
371 959 418 986 se
455 960 717 987 mansurum
759 945 981 987 stabiliter
1012 944 1263 1003 profitetur,
1310 943 1519 987 observet
1555 960 1655 1002 quae

150 1011 246 1055 Deo
282 1017 326 1055 et
359 1013 529 1056 sanctis
558 1013 810 1072 pollicetur,
842 1014 946 1072 quia
982 1014 1135 1056 locum
1170 1018 1345 1056 mutare
1387 1029 1476 1055 non
1502 1012 1650 1065 debet,

146 1079 235 1123 nisi
255 1080 312 1124 ab
336 1081 392 1124 iis
415 1082 493 1140 qui
521 1082 705 1125 sibimet
718 1081 738 1108 ‘¹
765 1087 965 1140 praesunt
1005 1082 1121 1124 male
1158 1097 1289 1139 agere
1338 1081 1650 1140 compellatur-

208 1149 431 1202 Quoniam
474 1151 529 1193 de
554 1151 851 1208 qualitatibus
891 1151 1180 1193 morientium
1210 1150 1334 1209 loqui
1375 1150 1650 1208 aliquotiens

149 1217 260 1261 utile
297 1223 382 1272 est,
426 1219 633 1263 Lauduni
669 1220 803 1262 homo
833 1219 1017 1278 quidam
1057 1219 1305 1261 foenoribus
1355 1219 1653 1277 undecunque

151 1287 332 1330 deditus
361 1292 471 1340 erat,
505 1288 634 1346 cujus
669 1289 769 1330 finis
801 1288 984 1345 dignam
1021 1303 1124 1330 cum
1157 1287 1295 1330 exitio
1329 1287 1471 1329 vitam
1506 1288 1652 1345 egisse

151 1356 419 1400 monstrat¹.
439 1357 558 1399 Nam
590 1357 635 1399 in
657 1357 871 1400 extremis
887 1372 1042 1413 agens,
1072 1372 1175 1398 cum
1198 1372 1222 1398 a
1244 1356 1513 1414 paupercula
1539 1372 1651 1414 qua—

151 1423 272 1478 dam,
295 1425 526 1482 persoluto
547 1425 642 1483 jam
663 1426 832 1479 debito,
850 1441 1011 1468 usuras
1029 1426 1243 1483 exigeret,
1262 1430 1305 1467 et
1327 1424 1405 1466 illa
1431 1441 1549 1478 eum,
1574 1440 1653 1482 per

149 1492 465 1537 imminentem
491 1493 579 1537 sibi
602 1494 775 1537 exitum
802 1493 1052 1546 obtestans,
1073 1499 1122 1536 ut
1144 1494 1408 1547 remitteret,
1441 1494 1652 1551 implora-

149 1567 232 1616 ret,
255 1562 377 1622 quod
404 1563 480 1606 ille
496 1563 853 1621 pertinacissime
871 1563 1131 1621 abnegaret,
1158 1563 1234 1604 illa
1262 1563 1307 1604 in
1325 1567 1448 1605 arcto
1464 1570 1480 1588 ‘³
1501 1562 1645 1620 posita

147 1630 369 1690 quidquid
401 1637 497 1675 erat
522 1631 704 1674 foenoris
719 1637 954 1690 acceptum
975 1637 1150 1684 mutuo,
1167 1636 1331 1689 praeter
1350 1647 1490 1673 unum
1509 1631 1648 1674 dena-

148 1695 281 1754 rium,
307 1700 501 1743 miseros
517 1702 836 1759 comportavit.
865 1701 1069 1758 Cumque
1091 1705 1135 1742 et
1154 1700 1301 1742 solum
1328 1700 1458 1742 illum
1478 1700 1648 1742 remitti

147 1768 235 1812 sibi
264 1773 454 1827 peteret,
479 1769 603 1827 jurat
633 1769 897 1827 neutiquam
921 1785 968 1811 se
995 1769 1069 1811 ille
1094 1769 1333 1811 facturum.
1362 1768 1481 1820 Quid
1507 1784 1650 1811 remo-

147 1839 253 1882 rer‘?
276 1837 464 1890 Quaesiit
481 1846 503 1873 17
523 1838 600 1880 illa
621 1854 754 1896 quem
781 1838 858 1880 vix
878 1838 1020 1880 valuit
1042 1837 1234 1895 reperire
1254 1837 1508 1891 denarium,
1538 1842 1582 1879 et
1603 1838 1648 1879 in

146 1906 308 1949 ultimo
330 1907 478 1949 carnis
499 1907 774 1966 spiritusque
796 1907 1006 1964 confligio
1021 1906 1117 1964 jam
1145 1906 1353 1949 stridenti
1375 1906 1522 1949 infert.
1549 1906 1648 1958 Quo

146 1974 244 2034 ipse
270 1975 466 2018 moriens
501 1980 683 2034 sumpto
723 1975 809 2018 sibi
836 1976 882 2017 in
917 1991 967 2018 os
1006 1976 1188 2033 posuit;
1216 1991 1351 2034 quern
1383 1975 1490 2018 dum
1520 1975 1650 2033 quasi

146 2044 364 2087 viaticum
404 2044 691 2102 deglutisset,
731 2045 928 2087 animam
964 2044 1212 2094 exhalavit,
1249 2049 1292 2086 et
1327 2044 1384 2087 ad
1417 2043 1647 2087 diabolum

147 2112 231 2155 sub
255 2113 336 2156 tali
355 2118 506 2156 tutore
527 2113 755 2171 migravit,
779 2113 898 2156 unde
917 2119 960 2156 et
981 2129 1007 2156 a
1028 2113 1165 2156 sacris
1188 2112 1299 2155 loeis
1324 2113 1484 2155 merito
1500 2118 1647 2155 extor-

147 2181 208 2224 ris
228 2181 385 2239 jacuit.

205 2250 340 2308 Apud
379 2250 643 2293 Attrebates
664 2251 680 2279 ‘2
718 2251 826 2309 quid
875 2252 1086 2294 acciderit
1141 2267 1274 2309 super
1319 2250 1455 2308 hujus
1510 2251 1647 2293 moris

146 2319 326 2362 homine
353 2324 570 2362 attexam.
600 2319 641 2362 Is
660 2335 898 2362 crumenas
919 2336 1025 2362 suas
1047 2320 1257 2378 turpibus
1289 2320 1424 2377 longo
1443 2325 1646 2377 tempore

185 2451 218 2473 a.
239 2451 394 2483 manque
412 2441 499 2473 D.-‘
514 2441 548 2473 b.
570 2441 762 2483 injustam
782 2452 926 2473 causam
945 2442 1034 2473 D.—
1048 2453 1077 2473 c.
1126 2442 1471 2484 110011mque1).——d.
1490 2442 1563 2474 sibi
1575 2452 1646 2474 non

147 2484 175 2515 B
201 2483 251 2523 (et
270 2484 327 2525 D).
350 2483 493 2521 Guizot,
521 2483 628 2523 Coll.‚
649 2484 691 2522 X,
719 2487 790 2522 121,
819 2487 899 2516 n.1.
923 2494 1081 2525 propose
1118 2495 1137 2515 a
1171 2495 1237 2525 sup
1268 2486 1406 2516 ression
1431 2485 1475 2516 de
1507 2495 1591 2516 non.
1609 2503 1650 2507 —-

145 2535 174 2557 e.
195 2525 296 2557 Corr.
315 2525 359 2557 de
377 2525 421 2556 D.
441 2527 521 2557 arlo
541 2525 579 2557 B.
598 2543 639 2548 —
661 2525 688 2565 l'.
707 2535 861 2566 manque
877 2525 920 2556 D.
939 2544 980 2548 —
996 2537 1031 2568 9.
1048 2526 1218 2568 quaesivit
1260 2528 1285 2558 ).

186 2660 216 2688 1.
243 2657 269 2688 ΙΙ
289 2659 344 2688 est
370 2658 517 2688 curieux
548 2658 591 2688 de
615 2660 799 2689 constater
824 2667 893 2697 que
912 2657 1067 2689 Guibert
1086 2668 1130 2688 ne
1149 2658 1227 2695 fait,
1247 2669 1340 2699 pour
1357 2659 1578 2689 condemner
1594 2658 1645 2689 les

145 2699 318 2734 usuriers,
348 2709 487 2730 aucune
512 2699 663 2730 allusion
686 2700 705 2729 a
723 2699 754 2730 la
773 2699 976 2738 legislation
998 2701 1212 2741 canonique.
1230 2700 1298 2731 Sur
1315 2702 1411 2731 cette
1429 2700 1644 2741 legislatiom

145 2740 193 2772 cs.
211 2741 323 2772 Funk.
346 2740 469 2772 Geseh.
492 2740 554 2772 des
573 2740 704 2772 hirc-hl.
727 2740 998 2779 Zinsverbolen,
1018 2741 1219 2782 Tubingue,
1244 2746 1335 2781 1878,
1352 2743 1435 2773 ili-8.

188 2786 218 2814 2.
244 2782 367 2822 Arx-as,
387 2783 483 2814 ch.-1.
503 2783 549 2813 du
570 2782 850 2813 Pas-de-Calais.
