1930 3224
307 248 361 291 18
714 264 811 294 VEN.
847 264 1040 294 summm
1072 265 1178 295 VlTAE
1210 266 1335 295 Lmen
1369 267 1383 294 1

303 361 390 402 mei
410 361 550 404 solius
576 377 707 404 causa
735 378 863 405 curas
893 363 1150 407 obmiserat.
1191 364 1264 407 Sic
1301 365 1420 406 enim
1456 370 1586 408 aucto
1612 371 1789 424 questu,

302 433 347 470 et
373 428 595 472 delatione
624 430 804 472 honoris
832 432 1028 488 prudens
1051 431 1105 474 ab
1132 447 1183 474 eo
1211 438 1354 475 mater
1380 438 1604 491 exegerat.
1634 434 1792 479 Soluto

300 496 438 553 igitur
464 498 731 555 vespertinis
749 498 1021 556 quibusdam
1042 499 1164 542 horis
1192 500 1492 559 qualicunque
1519 501 1597 544 illo
1623 501 1788 557 studio,

301 565 358 606 ad
394 570 594 608 materna
635 582 780 623 genua
819 567 1016 624 graviter
1055 568 1192 610 etiam
1225 573 1388 626 praeter
1417 569 1624 612 meritum
1648 585 1790 613 caesus

302 648 592 675 accesseram.
613 634 722 686 Quae
748 650 850 676 cum
877 651 933 677 an
957 651 1008 677 eo
1026 636 1311 693 vapulassem
1338 637 1424 690 die,
1447 643 1499 680 ut
1518 642 1612 680 erat
1637 638 1785 691 solita,

301 701 493 757 rogitare
517 702 742 759 coepisset,
785 708 829 745 et
854 719 951 760 ego,
985 719 1040 746 ne
1069 704 1332 761 magistrum
1359 706 1573 748 detulisse
1596 706 1784 759 viderer,

299 768 468 810 factum
494 769 675 812 omnino
700 785 926 827 negarem,
956 771 1068 829 ipsa,
1093 772 1257 814 vellem
1275 773 1457 826 nollem,
1490 773 1652 830 rejecta
1674 774 1786 817 inte-

299 837 396 878 rula
412 837 440 889 ¹,
466 852 600 894 quam
617 845 636 864 ἃ
657 837 937 892 subuculam,
956 839 1128 881 immol)
1142 841 1371 883 camisiam
1395 846 1574 894 vocant,
1594 842 1786 886 liventes

297 905 491 947 attendit
512 905 527 933 '2
567 906 745 947 ulnulas
791 906 1003 949 dorsiculi
1049 923 1102 950 ex
1136 909 1357 950 viminum
1406 909 1600 952 illisione
1638 914 1786 953 cutem

296 972 464 1030 ubique
488 973 804 1030 prominulam,
835 990 1024 1033 cumque
1055 991 1164 1018 meae
1195 977 1484 1019 teneritudini
1510 978 1567 1020 ad
1596 978 1786 1021 nimium

298 1056 413 1083 saeve
434 1041 611 1084 illatum
626 1049 642 1068 ⁰
664 1042 942 1085 visceraliter
967 1044 1199 1097 doluisset,
1227 1044 1485 1088 turbulenta
1505 1050 1549 1088 et
1567 1051 1781 1103 aestuans,

296 1116 340 1153 et
363 1112 516 1154 oculos
538 1128 725 1155 moerore
750 1113 918 1156 suffusa
943 1128 951 1158 :
987 1133 1007 1155 «
1034 1115 1292 1172 Nunquam,
1319 1116 1396 1168 ait,
1420 1116 1631 1175 deinceps
1654 1117 1794 1160 cleri--

294 1194 373 1221 cus
404 1180 498 1232 fies,
536 1196 617 1223 nec
651 1186 701 1223 ut
732 1181 886 1223 literas
921 1182 1068 1225 discas
1103 1183 1294 1225 ulterius
1325 1199 1481 1241 poenas
1513 1184 1624 1229 lues.
1662 1203 1682 1225 »
1710 1185 1786 1228 Ad

293 1247 387 1289 haec
409 1264 491 1305 ego
516 1264 614 1291 eam
637 1264 737 1291 cum
757 1264 844 1306 qua
865 1255 1066 1306 poteram
1095 1251 1481 1294 animadversione
1507 1253 1749 1310 respiciens
1770 1270 1779 1295 :
1830 1292 1836 1297 .

295 1333 315 1355 «
340 1316 403 1369 Si,
428 1316 628 1373 inquam,
652 1317 837 1374 proinde
866 1318 978 1360 mori
1005 1319 1299 1376 contingeret,
1322 1335 1413 1362 non
1438 1320 1653 1363 desistam
1673 1321 1779 1379 quin

291 1384 444 1426 literas
482 1384 667 1437 discam,
725 1390 768 1427 et
812 1386 1000 1429 clericus
1046 1387 1165 1429 fiam.
1193 1405 1213 1427 »
1250 1388 1520 1430 Promiserat
1561 1389 1694 1441 enim,
1743 1388 1781 1431 si

292 1468 428 1510 eques
454 1452 616 1494 vellem
639 1453 749 1506 fieri,
771 1469 873 1496 cum
899 1454 955 1496 ad
979 1455 1025 1496 id
1045 1455 1289 1512 temporis3
1316 1447 1612 1511 emersissem,
1643 1473 1779 1515 appa-

292 1526 438 1562 ratum
458 1535 504 1562 se
536 1521 646 1562 mihi
667 1522 839 1564 militiae
866 1527 909 1564 et
929 1538 1050 1564 arma
1072 1523 1292 1566 daturam.

349 1587 457 1639 Quae
478 1603 580 1630 cum
609 1589 816 1631 universa
843 1606 932 1632 non
959 1593 1055 1633 sine
1081 1591 1222 1633 multa
1249 1592 1562 1648 aspernatione
1594 1607 1778 1650 respue-

237 1709 240 1712 ι
288 1671 398 1709 rem,
423 1656 500 1698 illa
520 1661 596 1698 tua
623 1657 804 1709 famula,
829 1658 965 1712 Deus,
988 1659 1097 1701 adeo
1117 1664 1241 1715 grate
1259 1675 1364 1702 suas
1383 1661 1554 1718 accepit
1574 1660 1775 1718 injurias,

287 1724 397 1767 adeo
418 1724 578 1766 alacris
599 1740 654 1766 ex
677 1741 758 1767 suo
780 1731 849 1768 est
871 1726 986 1769 facta
1020 1732 1296 1784 contemptu,
1320 1732 1369 1770 ut
1388 1728 1482 1770 haec
1505 1728 1658 1770 eadem
1683 1729 1780 1786 qui-

287 1792 371 1834 bus
398 1792 438 1834 ei
464 1792 742 1846 obstiteram,
776 1794 990 1851 magistro
1018 1810 1115 1837 meo
1140 1811 1355 1853 responsa
1380 1796 1606 1838 retexerit.
1633 1797 1778 1839 Laeta-

287 1860 450 1902 bantur
495 1861 634 1918 igitur
690 1867 894 1920 uterque,
952 1863 1055 1920 quia
1109 1864 1166 1905 ad
1215 1863 1261 1905 id
1302 1864 1424 1921 quod
1465 1863 1640 1922 paterni
1685 1865 1780 1907 voti

286 1928 444 1979 fuerat,
475 1929 724 1971 ambienter
749 1930 942 1986 aspirare
967 1931 1156 1983 viderer,
1190 1931 1298 1973 dum
1331 1947 1419 1988 quo
1453 1932 1596 1989 magis
1625 1932 1778 1974 celeri-

286 1996 387 2038 terd
407 1996 558 2039 literas
572 1997 707 2054 ipsas,
726 1999 933 2055 quamvis
958 2014 1046 2040 non
1073 1999 1186 2040 bene
1201 1999 1549 2053 inculcarentur,
1578 1999 1776 2058 amplec-

286 2069 417 2118 terer,
459 2080 539 2106 nec
569 2065 883 2107 ecclesiasticis
920 2066 1077 2108 officiis
1129 2082 1199 2108 me
1238 2067 1460 2120 tricarem,
1502 2067 1640 2109 immo
1673 2083 1775 2110 cum

286 2133 392 2174 hora
414 2133 672 2185 solicitaret,
701 2149 870 2191 opusve
894 2139 1027 2187 esset,
1059 2150 1341 2192 nequaquam
1360 2136 1439 2177 tali
1466 2136 1563 2177 loco
1587 2151 1637 2178 ac
1664 2140 1776 2178 tem-

286 2200 382 2257 pori
417 2201 603 2257 prandia
632 2201 727 2258 ipsa
761 2202 1015 2259 praeferrem
1046 2215 1054 2245 ζ
1091 2207 1186 2244 tum
1221 2203 1402 2260 quidem
1440 2203 1517 2246 sic.
1557 2203 1622 2246 At
1650 2219 1773 2256 vero,

326 2322 357 2343 a.
380 2313 407 2343 B
425 2313 451 2342 1¹⁰
471 2314 520 2351 42,
538 2323 602 2353 par
617 2314 708 2344 suite
724 2314 767 2344 dc
783 2314 1056 2345 l'intercalation
1074 2314 1210 2345 fautive
1228 2315 1291 2345 des
1309 2315 1344 2346 ff.
1364 2317 1457 2346 36-41
1473 2325 1481 2354 ;
1499 2316 1594 2346 main
1612 2315 1777 2347 nouvelle

286 2354 386 2393 (cclle
401 2354 463 2385 des
481 2355 702 2385 corrections
720 2355 739 2385 a
757 2355 812 2396 X).
833 2374 872 2377 —
892 2355 930 2386 b.
961 2355 1030 2386 ιἰηὸ
1052 2356 1095 2386 D.
1121 2374 1161 2378 ——
1185 2366 1216 2387 c.
1243 2355 1382 2387 illatam
1397 2357 1442 2388 D.
1457 2375 1498 2379 —
1521 2357 1554 2388 d.
1572 2356 1670 2389 Corr.
1690 2358 1733 2388 de
1751 2357 1779 2387 B

286 2396 336 2436 (et
354 2395 409 2436 D).
433 2395 573 2427 celerer
594 2396 636 2427 X.

327 2543 355 2570 1.
381 2553 421 2567 Ξ
438 2540 610 2572 Chemise.
641 2541 706 2572 Les
728 2543 822 2572 mots
840 2542 1003 2573 suivants
1025 2542 1228 2581 (subucula,
1248 2542 1409 2584 camisia)
1433 2545 1515 2574 sont
1542 2553 1774 2585 synonymes.

326 2584 355 2612 2.
380 2581 428 2612 Le
446 2582 554 2613 verbe
573 2582 756 2614 attendere
775 2584 860 2623 peut
878 2593 1080 2622 gouvcrncr
1094 2584 1186 2614 deux
1203 2585 1407 2615 accusatifs.

325 2626 354 2653 3.
381 2623 445 2653 Cet
471 2624 533 2663 age
557 2624 806 2661 est1variablc,
836 2625 922 2655 mais
950 2635 995 2655 on
1021 2635 1064 2656 ne
1090 2627 1179 2665 peut
1200 2625 1308 2665 gnere
1335 2626 1366 2656 le
1384 2625 1474 2657 faire
1496 2626 1692 2657 descendre
1710 2636 1772 2658 au-

285 2663 433 2694 dessous
451 2665 494 2694 de
513 2667 549 2695 15
565 2675 628 2696 ans
647 2665 705 2705 (cf.
724 2665 975 2704 Guilhicrmoz,
1004 2666 1065 2697 Les
1083 2666 1243 2707 oriyines
1257 2666 1300 2698 de
1325 2667 1359 2697 la
1378 2667 1540 2698 noblesse
1564 2677 1607 2699 en
1633 2667 1770 2699 France

283 2715 327 2736 au
343 2715 469 2746 moyen
487 2706 564 2747 sige.
585 2706 695 2744 Paris,
717 2710 807 2744 1902,
828 2707 914 2745 in-S,
932 2718 965 2747 p.
981 2709 1038 2737 418
1060 2708 1139 2747 sq).
1155 2708 1200 2738 Le
1219 2717 1277 2739 cas
1290 2708 1333 2739 de
1351 2707 1639 2740 l'adoubbement
1653 2719 1718 2749 par
1734 2709 1768 2740 la

282 2747 377 2777 mere
394 2765 434 2769 ——
446 2748 480 2778 et
495 2748 579 2778 c'est
594 2748 676 2778 bien
691 2758 731 2779 ce
749 2748 808 2789 qui
823 2749 939 2779 ari-ive
954 2748 999 2779 ici
1013 2766 1054 2770 —
1071 2748 1161 2780 n’est
1184 2759 1247 2789 pas
1274 2749 1408 2790 signale
1429 2760 1493 2790 par
1523 2750 1764 2782 Guilhiermoz

284 2787 365 2828 (loc.
386 2788 460 2826 cit„
479 2798 513 2828 p.
534 2790 616 2830 394).
