1930 3224
602 247 698 276 VEN.
735 246 931 276 GU1BERT1
964 246 1073 275 v1TAE
1105 246 1227 275 mez
1261 246 1307 274 111
1610 230 1692 273 153

195 345 524 391 nam'fabulam
540 361 644 388 cum
667 346 774 398 illis,
798 362 912 404 quos
939 345 1025 388 sibi
1050 345 1173 388 solos
1193 344 1497 388 arbitrabatur
1516 344 1689 396 fideles,

194 417 395 462 haberet.
439 417 547 461 Inde
586 417 858 474 digrediens,
904 417 1161 460 Codiciaci¹
1199 432 1303 459 cum
1335 415 1446 474 ipsis
1483 415 1693 458 omnibus

193 485 452 545 hospitatus
473 491 557 529 est.

253 554 354 608 Quo
379 570 463 612 ego
481 560 728 613 comperto,
756 570 860 597 cum
883 555 1014 597 valde
1035 554 1174 597 talem
1214 553 1312 611 ejus
1343 553 1550 596 habitum
1594 553 1694 595 hor-

194 623 400 678 ruissem,
427 624 612 666 omnino
631 639 702 666 me
728 623 785 666 ab
806 623 903 681 ejus
924 623 1132 666 contuitu
1161 638 1212 665 ac
1251 622 1524 665 salutatione
1552 622 1694 664 conti-

193 693 286 736 nui.
311 692 398 746 Qui
421 698 525 750 post
551 693 769 746 triduum,
796 693 843 734 ni
869 692 1016 746 fallor,
1045 692 1191 750 sopita
1222 692 1421 734 exterius
1454 707 1541 749 qua
1575 691 1694 733 intro

193 761 252 805 ad
271 777 342 804 me
370 776 552 804 versum
585 761 785 818 spirabat
814 761 1024 803 vecordia
1067 760 1279 819 (multum
1317 760 1437 803 enim
1471 775 1542 802 me
1575 758 1694 816 apud

191 845 298 874 eum
317 845 397 888 pro
421 830 694 889 supradictis
727 830 938 873 laterales
971 830 1068 886 ejus
1101 828 1415 888 arcesserant),
1441 828 1688 871 mandavit.

191 906 243 945 ut
269 901 325 944 ad
353 917 400 944 se
426 901 645 945 venirem.
684 901 781 954 Quo
815 917 918 944 cum
959 917 1029 944 me
1066 901 1388 956 exhibuissem,
1426 905 1470 943 et
1509 901 1690 942 domum

191 969 374 1028 plenam
409 970 815 1013 excommunicatis
853 970 1183 1027 homicidisque
1213 970 1447 1022 vidissem,
1484 968 1691 1012 aestuavi.

130 1051 134 1055 ·
192 1038 458 1083 Exclusioni
481 1055 574 1082 suae
589 1045 686 1093 ⁸,ut
708 1039 1228 1096 anniterer,postulavit‚
1244 1038 1440 1081 ostensis
1457 1054 1582 1097 papae
1603 1037 1694 1094 syl-

193 1107 326 1152 labis.
357 1108 598 1151 Auxilium
632 1109 765 1167 quale
799 1124 984 1166 possem
1010 1107 1247 1162 fallaciter,
1279 1113 1329 1150 tu
1366 1107 1453 1150 scis
1477 1107 1614 1161 Deus,
1651 1112 1695 1149 et

192 1191 286 1220 non
309 1192 362 1219 ex
387 1177 521 1220 corde
540 1177 780 1235 spopondi.
807 1177 1029 1220 Videbam
1048 1177 1169 1219 enim
1196 1192 1303 1219 vera
1327 1176 1425 1234 ejus
1452 1175 1570 1218 mala
1591 1191 1694 1218 cum

191 1245 263 1299 iis,
283 1261 398 1304 quos
424 1245 613 1289 ecclesia
636 1262 716 1288 sua
743 1246 1215 1288 excommunicaverat
1257 1245 1423 1303 quique
1460 1260 1560 1287 eam
1596 1249 1694 1286 tan-

190 1318 347 1372 topere
392 1313 701 1369 ‘foedaverant‚
750 1315 1119 1367 communicaret,
1165 1330 1268 1357 cum
1307 1314 1573 1372 Ingelranus
1618 1313 1694 1355 ille

189 1382 515 1441 praesoriptusb
542 1384 583 1426 ei
609 1383 856 1437 assideret;
888 1388 932 1426 et
950 1383 1180 1426 comitissa
1204 1383 1432 1441 praedicta,
1465 1398 1582 1440 quae,
1607 1382 1695 1439 pri-

191 1454 262 1498 die
298 1469 432 1513 quam
473 1455 701 1498 Gerardus
736 1455 956 1509 interiret,
1005 1454 1183 1498 duobus
1220 1455 1312 1497 illis
1348 1454 1559 1497 interitus
1597 1456 1694 1511 ejus

189 1523 451 1566 auctoribus
496 1524 675 1581 gladios
724 1540 830 1567 suos
876 1525 1059 1582 propria
1097 1523 1252 1581 lingua
1290 1528 1488 1577 acuerat,
1532 1539 1695 1580 aggra-

188 1591 421 1636 tulabatur
463 1591 714 1637 affectibus.
764 1593 879 1646 Quia
930 1608 1036 1650 ergo
1092 1592 1214 1651 regio
1264 1592 1400 1650 jussu
1459 1592 1695 1635 arcebatur

188 1657 245 1702 ab
269 1657 397 1712 urbe,
427 1659 668 1701 temeraria
695 1659 830 1701 nimis
856 1659 1042 1702 audacia
1075 1658 1332 1701 minabatur
1371 1673 1418 1701 se
1460 1659 1691 1715 ingressu-

187 1742 288 1770 rum
323 1727 709 1770 succenturiatum
754 1727 1026 1770 militaribus
1061 1727 1146 1770 alis
1184 1727 1230 1769 in
1274 1727 1450 1780 urbem,
1490 1732 1535 1770 e't
1573 1727 1695 1785 quod

188 1794 444 1838 Caesaribus
462 1800 507 1839 et
527 1796 751 1854 Augustis
778 1796 856 1839 vix
873 1796 1090 1853 possibile
1115 1796 1246 1850 foret,
1274 1796 1358 1838 hoc
1389 1812 1435 1838 se
1462 1795 1694 1838 asserebat

187 1879 418 1907 armorum
458 1865 674 1908 violentia
718 1870 1024 1923 peracturum.
1079 1866 1268 1908 Manum
1318 1866 1470 1923 itaque
1509 1864 1693 1922 collegit

188 1937 464 1991 equestrem,
487 1938 533 1976 et
568 1934 720 1991 copias
758 1933 1072 1992 plurimarum,
1103 1950 1215 1992 quas
1248 1950 1338 1976 non
1372 1933 1487 1976 bene
1525 1934 1695 1976 confla—

188 2006 317 2045 verat
336 2038 345 2056 ,
369 2017 536 2056 rerum,
566 2003 663 2045 sine
683 2003 792 2056 ulla,
824 2008 875 2045 ut
900 2002 1061 2045 solitus
1085 2007 1196 2056 erat,
1234 2003 1362 2061 fruge
1392 2003 1690 2060 consumpsit.

143 2120 145 2123 ι
188 2070 406 2126 Tandem,
436 2086 541 2114 cum
571 2071 684 2113 nihil
711 2071 798 2114 nisi
827 2072 1066 2114 ridiculum
1105 2072 1215 2129 quid
1250 2072 1305 2114 de
1344 2076 1412 2115 tot
1449 2071 1696 2114 auxiliariis

188 2138 474 2194 confecisset,
504 2156 584 2197 per
623 2140 932 2183 internuncios
970 2154 1016 2183 se
1057 2156 1251 2198 suosque
1289 2141 1334 2183 in
1368 2157 1477 2183 nece
1505 2141 1694 2183 Gerardi

188 2208 432 2266 complices
459 2208 600 2267 (urbis
625 2209 837 2252 videlicet
876 2225 980 2251 cum
1015 2214 1208 2267 utroque
1242 2210 1558 2252 archidiacono
1592 2226 1693 2267 pro-

187 2277 348 2336 ceres),
375 2293 540 2336 magno
568 2283 759 2334 aggestu
783 2293 1022 2320 munerum
1052 2294 1156 2320 cum
1181 2278 1426 2331 Ludovico,
1459 2278 1660 2336 Philippi
1678 2278 1694 2307 ἓ)

187 2346 310 2403 regis
335 2346 445 2400 filio,
470 2361 576 2403 rege
597 2347 869 2405 composuit.

246 2415 557 2473 Introgressus
572 2415 712 2477 igitur
735 2415 911 2470 urbem,
936 2431 1040 2458 cum
1063 2416 1183 2474 apud
1209 2416 1430 2459 Sanctum
1449 2416 1692 2459 Nicolaum

228 2537 260 2559 a.
277 2537 341 2568 suq
359 2528 392 2559 D
410 2528 473 2569 qui
491 2537 651 2569 suppose
673 2528 719 2559 ici
738 2528 771 2559 la
795 2528 922 2559 lacunc
944 2527 1049 2560 d'unc
1077 2528 1267 2569 negative3
1292 2530 1498 2570 cepcndant
1530 2529 1692 2561 exclusio

187 2570 276 2610 peut
293 2568 499 2601 s'entcndre
517 2579 582 2610 par
607 2569 693 2601 mise
713 2569 798 2601 hors
814 2570 856 2601 de
872 2580 991 2602 cause.
1007 2589 1047 2594 —
1064 2570 1100 2603 b.
1118 2570 1348 2613 prascriplus
1374 2571 1419 2602 D.

228 2721 259 2791 ὲ.
283 2718 472 2800 ἓξὲξὲγὶη,
491 2761 547 2792 fils
568 2761 612 2792 dc
633 2760 798 2801 Philippc
823 2761 878 2800 1⁰¹,
908 2764 1105 2794 1105-1137.
1132 2762 1159 2793 11
1176 2762 1275 2794 avait
1298 2762 1355 2794 cte
1376 2762 1513 2794 associi·
1535 2772 1602 2803 par
1627 2773 1692 2793 son

186 2801 270 2843 pere
285 2804 393 2834 avant
409 2801 444 2833 le
463 2805 502 2834 25
517 2802 710 2834 decembre
727 2805 806 2834 1100
822 2802 1022 2844 (Luchaire,
1038 2803 1211 2843 Annales,
1228 2804 1395 2845 Append.
1408 2804 1472 2844 111,
1489 2814 1522 2845 p.
1538 2807 1597 2836 289
1613 2806 1695 2846 sq.).
