1930 3224
305 275 361 303 xl}
813 277 909 305 VEN.
945 278 1136 306 GUIBERTl
1175 278 1271 306 Vl'l'A

303 375 363 416 du
398 376 541 416 meme
582 380 689 432 type
716 375 1066 432 diplomatique:
1094 377 1136 418 13
1159 377 1261 418 date
1289 377 1342 418 de
1365 376 1495 417 l'aete
1523 380 1567 418 et
1593 375 1706 418 celle
1729 375 1785 419 de

302 442 345 484 13
378 442 689 485 confirmation
745 442 967 485 semblent
1013 459 1059 486 se
1119 443 1362 486 confondre
1382 443 1410 485 ¹.
1465 443 1531 485 En
1575 443 1699 486 est-il
1730 443 1786 487 de

304 512 448 552 meme
476 526 586 567 pour
606 511 646 552 le
674 516 796 565 texte
825 511 1101 567 precedent?
1140 511 1248 554 c'est
1287 527 1335 553 66
1377 511 1486 568 qu'il
1515 515 1584 553 est
1606 511 1787 554 difficile

303 579 357 620 de
387 579 495 621 dire.
539 579 654 621 Mais
693 577 763 620 s’il
800 594 855 621 en
882 584 952 621 est
988 579 1117 631 ainsi,
1157 584 1200 621 et
1237 580 1355 621 sion
1382 580 1423 622 le
1455 580 1557 621 date
1577 579 1632 622 de
1655 579 1784 633 1120,

301 651 490 704 peut-on
526 647 666 689 croire
703 662 789 704 que
827 647 1019 689 Thomas
1056 648 1109 690 de
1143 647 1302 700 Marle,
1341 648 1401 689 du
1438 647 1593 689 vivant
1627 647 1682 690 de
1705 663 1787 690 son

302 718 422 772 pere,
459 730 566 756 avec
593 715 669 772 qui
696 715 728 756 il
767 731 821 757 ne
858 716 1021 757 cessait
1047 731 1127 772 pas
1161 715 1298 757 d’etre
1324 731 1379 757 en
1401 731 1560 772 guerre
1577 715 1610 768 ²,
1638 715 1703 758 ait
1726 730 1789 773 pu

302 783 511 825 366011161-
543 789 567 824 3
594 782 798 839 l'abbaye
826 783 879 825 de
915 783 1094 840 Nogent
1118 799 1204 825 une
1226 784 1383 826 charte
1417 782 1714 838 d'immunite,
1743 787 1790 826 et

302 866 357 892 ne
375 855 566 906 peut-on
594 851 821 893 s'etonner
846 852 900 893 de
922 852 1034 904 voir,
1059 858 1083 894 a
1103 868 1163 894 un
1184 867 1239 893 311
1265 853 1318 893 (16
1346 852 1562 905 distance,
1593 851 1789 894 Thomas

303 911 483 960 etendre
510 918 576 960 les
613 919 753 960 droits
804 919 858 961 de
903 919 1107 976 l'abbaye
1147 920 1200 961 de
1251 920 1447 976 Nogent,
1498 918 1788 976 Enguerrand

302 1002 415 1028 ceux
436 987 489 1028 de
514 987 795 1030 Saint-Re'mi
831 988 884 1029 de
913 988 1065 1029 Reims
1094 988 1206 1030 dans
1227 988 1306 1030 des
1327 988 1589 1045 perimetres
1606 986 1789 1044 juridic-

302 1055 497 1097 tionnels
538 1054 795 1097 facilement
829 1055 1077 1097 confondus
1095 1057 1144 1099 3?
1179 1056 1327 1109 Enfin,
1354 1061 1546 1112 peut-on
1573 1070 1790 1112 supposer

300 1138 386 1180 que
422 1122 610 1165 Guibert
645 1123 754 1165 n'ait
786 1125 881 1165 rien
923 1124 988 1166 dit
1016 1124 1121 1166 d'un
1148 1128 1245 1166 acte
1278 1124 1354 1181 qui
1395 1124 1652 1179 interessait
1673 1123 1728 1166 de
1751 1123 1790 1166 si
1836 1174 1841 1177 .

299 1195 404 1248 ¹pres
431 1191 497 1233 les
518 1191 742 1233 destinees
764 1192 818 1233 de
840 1191 1045 1247 l’abbaye
1073 1192 1361 1234 administre'e
1389 1207 1468 1248 par
1488 1192 1552 1234 lui
1571 1191 1622 1235 4?

363 1259 458 1311 Que
495 1259 566 1300 s'il
600 1265 668 1301 est
704 1260 879 1302 loisible
919 1261 973 1302 de
1000 1276 1055 1301 ne
1092 1276 1172 1317 pas
1206 1260 1370 1302 retenir
1406 1264 1477 1302 cet
1503 1264 1616 1313 acte,
1653 1285 1712 1291 —
1734 1274 1792 1301 au

306 1327 452 1368 moins
479 1343 591 1384 pour
611 1327 842 1370 l'ahbatiat
862 1329 915 1369 de
944 1328 1149 1382 Guibert,
1177 1355 1233 1359 --
1258 1343 1312 1369 en
1333 1328 1573 1381 revanche,
1612 1343 1670 1369 on
1696 1326 1791 1369 doit

305 1395 509 1451 rappeler
529 1396 644 1437 celui
664 1412 744 1453 par
763 1396 911 1453 lequel
933 1396 1121 1438 Guibert
1141 1396 1301 1453 reglait
1327 1396 1561 1438 lui-meme
1580 1411 1660 1438 son
1679 1395 1788 1448 obit,

305 1463 450 1521 etqui
478 1468 545 1505 est
579 1464 680 1506 date
705 1464 759 1506 de
786 1463 946 1508 11215.
990 1464 1155 1525 L'abbe
1189 1465 1242 1506 de
1281 1464 1459 1521 Nogent
1500 1481 1529 1521 y
1573 1463 1792 1522 rappelait

348 1596 377 1624 1.
404 1592 449 1623 Le
478 1596 575 1624 texte
600 1594 820 1625 confirmatis
835 1589 1066 1635 proprement
1077 1595 1131 1625 dit
1149 1596 1203 1625 est
1223 1594 1255 1624 le
1271 1594 1436 1625 suivant:
1454 1607 1468 1621 «
1489 1593 1579 1630 Quia
1594 1603 1679 1624 vero
1698 1595 1792 1625 terra

305 1634 365 1665 illa
381 1635 417 1665 in
431 1636 557 1666 nostra
574 1635 763 1675 parrochia
780 1638 848 1674 est,
867 1645 910 1666 ex
933 1646 1003 1666 una
1016 1638 1118 1676 parte
1134 1635 1378 1676 Ingelrannus,
1398 1638 1435 1666 et
1455 1635 1524 1666 alia
1542 1637 1643 1676 parte
1668 1644 1792 1666 mona—

305 1675 364 1706 chi
382 1674 415 1706 S.
439 1675 591 1716 Remigii
609 1686 675 1707 1105
690 1679 941 1715 exoraverunt,
962 1679 1001 1708 ut
1021 1677 1231 1717 praedictam
1255 1676 1552 1707 constitutionem
1570 1676 1786 1708 auctoritate

305 1720 431 1748 nostra
449 1717 754 1749 confirmaremus.
782 1718 865 1749 Eam
884 1719 1002 1758 itaque
1019 1718 1312 1750 confirmamus..
1338 1731 1351 1745 υ
1366 1728 1373 1756 ;
1394 1718 1538 1749 suivent
1553 1727 1619 1748 une
1637 1718 1791 1749 formule

307 1759 580 1790 comminatoire
595 1761 630 1791 et
646 1760 678 1790 13
696 1760 789 1790 date.

349 1803 377 1830 2.
403 1800 456 1831 Cf.
474 1801 521 1831 De
535 1800 607 1831 vita
625 1811 702 1840 sua,
715 1801 777 1839 111,
794 1812 861 1831 xiv.
1123 1835 1126 1838 ,

347 1844 376 1871 3.
404 1841 450 1872 La
475 1844 569 1872 terre
593 1843 636 1872 de
663 1843 787 1882 Coucy
814 1852 851 1873 se
879 1842 1071 1873 rattachait
1088 1852 1153 1882 par
1178 1842 1241 1873 des
1264 1842 1353 1873 liens
1384 1841 1511 1872 etroits
1528 1841 1547 1871 3
1566 1840 1683 1872 l'abba
1711 1850 1730 1871 e
1747 1841 1791 1871 de

306 1882 527 1914 Saint—Remi
543 1884 587 1913 de
607 1883 738 1922 Reims,
759 1882 839 1914 d'ou
863 1885 982 1921 sortit,
1002 1883 1138 1914 d'autre
1156 1885 1247 1924 part,
1263 1885 1297 1919 le
1315 1883 1472 1924 premier
1488 1882 1581 1913 abbe
1602 1882 1644 1913 de
1695 1885 1792 1913 otre-

306 1923 416 1954 Dame
436 1924 479 1954 de
498 1924 640 1964 Nogent
657 1925 714 1964 (cf.
736 1925 779 1961 ΙΙ,
798 1935 831 1959 11,
851 1935 939 1956 avec
954 1927 1005 1956 les
1022 1924 1151 1965 notes).

350 1967 377 1995 4.
403 1964 450 1996 Ce
468 1966 574 2005 qu'on
594 1966 663 1997 sait
685 1966 728 1996 de
755 1966 1013 2006 l‘impartialite
1035 1967 1078 1997 de
1097 1966 1250 1997 Guibert
1268 1967 1406 2005 permet
1428 1966 1472 2000 de
1495 1965 1611 1996 croire
1624 1963 1721 2036 'Fu’il
1736 1963 1793 1995 n'a

306 2016 370 2046 pas
386 2007 490 2046 passe
503 2009 560 2038 cet
576 2010 654 2038 acte
673 2017 758 2038 sous
776 2007 921 2047 silence,
934 2008 1002 2038 afin
1022 2008 1133 2038 d’etre
1149 2009 1228 2047 plns
1248 2007 1338 2038 libre
1353 2017 1446 2047 pour
1461 2007 1611 2046 charger
1655 2005 1790 2037 homas.

308 2047 453 2078 D'autre
480 2051 571 2089 part,
600 2049 626 2080 il
651 2058 695 2079 ne
720 2049 819 2089 parle
837 2059 900 2089 pas
925 2049 967 2079 de
995 2050 1096 2080 l'acte
1121 2049 1163 2078 de
1193 2051 1279 2087 1118,
1307 2048 1367 2088 qui
1394 2048 1570 2079 interesse
1593 2047 1793 2078 exclusive-

307 2091 407 2120 ment
433 2091 466 2120 la
493 2091 631 2121 maison
655 2091 698 2120 de
717 2090 838 2130 Coucy
872 2093 908 2121 et
931 2089 1095 2130 l'ab'baye
1113 2090 1156 2120 de
1175 2089 1395 2120 Saint-Remi
1413 2090 1456 2119 de
1475 2089 1608 2125 Reims,
1630 2098 1694 2129 pas
1710 2089 1793 2128 plus
1842 2102 1845 2103 ⁷

307 2140 376 2170 que
395 2131 547 2172 duplaid
565 2131 609 2162 dc
627 2131 743 2172 Crepy
759 2132 802 2161 de
822 2134 911 2164 1117.
929 2132 973 2162 ou
993 2132 1018 2162 il
1036 2142 1053 2162 3
1073 2131 1129 2162 ete
1146 2132 1347 2161 seulement
1364 2130 1501 2161 temoin
1521 2129 1626 2170 (Gall.
1641 2128 1790 2164 Christ„

308 2174 334 2204 t.
354 2171 396 2210 X,
418 2172 538 2211 Inst1·.,
557 2174 625 2204 col.
646 2173 808 2214 423--224).

350 2216 379 2244 5.
407 2226 420 2240 α
442 2213 513 2254 Ego
538 2214 751 2245 Guitbertus
767 2214 834 2244 Dei
852 2214 965 2253 gratia
987 2216 1120 2244 sanctae
1138 2213 1206 2243 Dei
1223 2213 1408 2252 genitricis
1431 2212 1555 2243 Mariae
1572 2212 1667 2252 apud
1685 2212 1795 2243 Novi-

306 2256 451 2293 gentum
476 2265 613 2287 servus.
650 2256 825 2292 Quoniam
844 2256 887 2286 de
914 2256 1106 2294 augmento
1140 2254 1303 2285 ecclesiae
1322 2265 1395 2285 suae
1419 2263 1595 2294 quemque
1619 2255 1796 2284 rectorem
1845 2261 1849 2265 ’

307 2305 432 2326 curare
449 2297 629 2332 convenit,
647 2299 728 2327 octo
749 2297 897 2331 solidos,
917 2297 976 2337 qui
995 2297 1089 2336 apud
1112 2295 1364 2326 Landicurtem
1391 2296 1426 2326 in
1451 2295 1545 2326 atrio
1569 2294 1732 2326 ecclesiae
1749 2293 1793 2326 ab

306 2336 512 2377 hospitibus
543 2339 678 2369 nostris
706 2338 986 2378 accipiebantur,
1015 2338 1051 2368 in
1079 2338 1171 2368 sesto
1200 2337 1315 2368 saneti
1334 2336 1482 2367 Martini
1495 2335 1558 2367 tali
1576 2336 1683 2366 modo
1710 2335 1793 2367 emi.

309 2378 462 2410 Maritus
501 2379 688 2418 cujusdam
709 2380 868 2410 mulieris
894 2379 929 2409 in
955 2380 1061 2409 feodo
1082 2389 1100 2409 a
1128 2379 1234 2408 nobis
1272 2380 1461 2415 tenum-an
1482 2387 1612 2408 nomen
1631 2377 1794 2416 Paganus

308 2421 385 2450 erat
402 2429 408 2457 ;
428 2430 498 2460 quo
526 2421 709 2457 defuncto,
738 2422 794 2451 cui
821 2421 946 2451 relicta
965 2420 1030 2460 ipsi
1050 2430 1127 2460 qua·
1152 2420 1188 2450 in
1206 2420 1289 2450 dote
1309 2429 1370 2450 605
1395 2429 1413 2449 3
1438 2419 1566 2449 marito
1590 2421 1794 2458 acceperat,

310 2461 542 2501 Hildeburgis
567 2462 723 2499 nomine,
743 2462 855 2492 111111111
875 2464 909 2491 et
928 2461 1037 2492 11113111
1056 2461 1202 2497 habens,
1222 2471 1302 2491 cum
1321 2460 1424 2491 valde
1444 2462 1575 2500 egeret,
1595 2461 1631 2490 et
1649 2459 1794 2490 feodum

309 2504 471 2532 nostrum
489 2503 548 2533 alii
580 2513 685 2543 quam
703 2503 808 2533 nobis
828 2502 895 2533 sibi
915 2503 1068 2533 vendere
1087 2512 1158 2532 non
1177 2503 1312 2539 liceret,
1334 2502 1478 2532 tandem
1496 2501 1602 2531 nobis
1616 2500 1792 2534 vendidit,

309 2545 345 2574 et
359 2546 503 2574 centum
524 2545 660 2575 solidos
683 2545 832 2584 proinde
851 2554 869 2574 3
897 2544 1001 2574 nobis
1022 2543 1173 2584 accepit,
1194 2543 1242 2573 ita
1267 2545 1316 2577 ut,
1346 2542 1588 2583 praesentibus
1612 2541 1794 2572 Codiciaci

307 2584 418 2615 castri
439 2585 662 2625 proceribus,
683 2588 753 2616 tam
779 2586 855 2625 ipsa
879 2595 985 2625 quam
1004 2585 1099 2616 filius
1118 2587 1154 2616 et
1172 2584 1245 2615 fllia
1258 2585 1335 2624 ejus
1353 2594 1372 2614 3
1389 2586 1572 2624 potestate
1587 2583 1692 2614 feodo
1714 2592 1792 2613 sese

308 2628 491 2663 exuerent,
530 2626 686 2667 mihique
714 2628 749 2657 et
776 2627 938 2656 ecclesiae
966 2627 1170 2663 redderent,
1195 2628 1230 2656 et
1260 2625 1396 2665 pariter
1415 2625 1549 2655 donum
1582 2625 1659 2663 ejus
1684 2633 1794 2664 super

309 2668 421 2698 altare
447 2670 648 2707 ponerent.
685 2668 776 2698 Huic
810 2668 1050 2698 interfuerunt
1090 2667 1270 2698 Robertus
1312 2666 1549 2701 Castellanus,
1597 2665 1793 2696 Rainaldus

310 2708 495 2747 Bolehere,
524 2709 603 2739 Ado
634 2711 670 2739 et
704 2709 833 2739 Iterius
863 2718 943 2739 cum
967 2711 1067 2748 patre
1101 2719 1165 2739 suo
1196 2707 1373 2745 Guidone,
1407 2707 1588 2746 Robertus
1614 2705 1792 2745 Anguilla,

310 2749 491 2780 Gerardus
510 2749 628 2781 Dolle.
648 2768 687 2772 —
715 2750 807 2786 Quin
825 2750 934 2780 etiam
953 2760 971 2780 3
989 2750 1143 2790 quodam
1162 2750 1275 2780 milite
1292 2749 1352 2789 qui
1368 2748 1622 2779 Guermundus
1641 2746 1794 2778 vocaba-

310 2792 380 2829 tur,
397 2794 433 2821 et
449 2791 485 2820 in
503 2791 769 2831 eleemosynam
785 2791 987 2831 accepimus
1000 2800 1162 2821 mansum
1178 2790 1367 2830 quemdam
1378 2789 1473 2830 apud
1493 2789 1668 2825 Remeias,
1687 2797 1792 2828 quem

310 2841 374 2871 pro
393 2832 524 2862 allodio
548 2832 777 2873 possidebat:
811 2842 916 2872 quem
949 2832 1056 2863 etiam
1092 2832 1334 2862 Fortmundus
1353 2831 1509 2871 quidam,
1541 2830 1643 2869 cujus
1657 2829 1793 2860 familia
