1930 3224
564 242 664 273 vmx'.
701 242 895 272 emnam
928 243 1038 272 vim
1069 242 1189 272 LmER
1222 243 1235 271 1
1595 230 1648 272 55

159 345 161 347 ’
207 342 362 395 ὃαίεἰη
379 342 452 385 his
469 343 599 390 meis,
613 346 658 384 te
672 342 958 400 inspiratore,
977 342 1254 400 primordiis,
1267 342 1305 383 si
1325 343 1447 385 aliud
1472 343 1647 400 sapuis-

146 415 232 464 set,
275 411 566 470 praeparanda
601 410 714 453 mihi
752 410 913 453 fuisset
949 411 1096 453 anima
1135 411 1192 453 ad
1229 410 1544 454 tentationem.
1592 412 1650 455 Et

145 483 266 524 oerte
285 484 394 523 tunc
418 479 636 538 temporis
665 479 998 538 quodammodo
1022 479 1217 538 insipide
1244 478 1489 537 sapiebam.
1523 479 1650 523 Licet

145 549 265 592 enim
281 548 477 607 pueriles
493 548 739 591 admodum
760 548 1029 605 gaudiorum
1047 548 1221 593 scilicet
1240 563 1291 591 ac
1311 548 1478 591 irarum
1499 553 1649 591 motus

145 617 377 671 haberem,
405 632 430 660 o
450 617 626 660 utinam
647 621 760 666 tum,
793 617 1002 671 Domine,
1027 621 1156 660 tuum
1177 616 1400 675 judicium
1425 617 1489 659 sic
1513 617 1646 660 time-

42 689 47 696 ”
83 678 85 682 ⁴
145 701 256 740 rem,
279 690 464 745 peccata
487 685 623 728 etiam
650 685 847 728 maxima
883 686 947 728 sic
979 686 1114 728 modo
1147 686 1392 739 horrerem,
1420 686 1648 743 quomodo

144 759 253 799 tunc
275 754 462 797 minima
489 758 534 797 et
561 770 701 812 prope
730 755 854 797 nulla
875 754 1139 797 horrebam!
1174 754 1421 797 Emulabar
1453 770 1561 797 sane
1586 755 1648 814 (et

143 829 285 883 quam'
324 823 587 867 avidissime
603 823 633 882 l)
685 838 788 878 -eos,
844 839 957 881 quos
1015 838 1095 865 sua
1145 822 1356 866 videbam
1404 823 1646 866 commissa

143 891 376 947 deflentes,
401 897 446 936 et
470 892 589 942 visui
606 892 870 950 audituique
888 907 988 934 meo
1015 895 1144 934 erant
1161 892 1418 949 gratissima
1435 908 1647 951 quaecun-

143 969 262 1020 que⁰
284 977 342 1004 ex
369 965 415 1005 te
443 966 586 1004 erant.
618 960 677 1004 Et
708 961 786 1018 qui
821 961 867 1002 in
904 960 1138 1018 scripturis
1158 975 1279 1002 nunc
1305 961 1573 1018 jactantiam
1601 966 1647 1005 et

141 1030 280 1074 verba
301 1046 468 1090 quaero,
507 1030 646 1072 immo
669 1030 872 1088 ipsorum
896 1029 1182 1072 ethnicorum
1209 1028 1392 1072 infamia
1420 1030 1538 1072 dicta
1566 1046 1646 1088 pro

140 1099 407 1159 garrulitate
425 1099 652 1152 contineo,
675 1104 785 1142 tunc
804 1100 954 1152 fletus,
981 1098 1279 1156 dolorumque
1303 1114 1463 1141 causas
1484 1099 1646 1142 exinde

141 1167 395 1227 exigebam,
430 1184 514 1211 nec
545 1183 617 1211 me
645 1168 809 1226 legisse
841 1167 1074 1225 putabam,
1107 1167 1315 1225 quotiens
1348 1167 1394 1209 in
1427 1168 1524 1226 ipsa
1556 1168 1646 1210 lec-

140 1237 263 1281 tione
306 1237 422 1280 nihil
469 1237 889 1295 contemplativum,
944 1236 1058 1278 nihil
1115 1236 1453 1294 compunctioni
1495 1236 1644 1279 habile

140 1305 422 1365 attingebam
442 1320 452 1350 ε
482 1306 677 1349 scienter
701 1320 785 1362 ego
812 1305 991 1348 nescius
1019 1305 1083 1347 sic
1106 1304 1312 1363 agebam.

200 1376 265 1419 At
296 1375 443 1420 hostis
464 1375 542 1418 ille
568 1375 800 1433 antiquus,
827 1374 904 1432 qui
934 1390 1015 1433 pro
1043 1373 1236 1417 statibus
1266 1374 1536 1434 animorum,
1564 1391 1643 1432 pro

100 1492 101 1495 Ἴ
140 1444 436 1503 qualitatibus
461 1448 647 1487 aetatum
671 1459 718 1486 se
745 1443 909 1486 habere
941 1444 1147 1502 longaeva
1175 1443 1471 1486 diuturnitate
1493 1444 1643 1502 perdi-

138 1513 264 1568 dicit,
293 1513 386 1567 ille,
411 1513 613 1573 inquam,
643 1528 724 1571 pro
751 1512 936 1555 modulo
969 1512 1135 1555 mentis
1176 1527 1227 1554 ac
1266 1513 1523 1570 corpusculi
1552 1513 1641 1556 mei

137 1597 257 1626 nova
273 1582 386 1625 mihi
404 1582 526 1626 bella
544 1582 770 1641 parturiit.
791 1581 910 1624 Nam
934 1581 979 1624 in
1001 1581 1173 1624 somnis
1191 1585 1474 1624 mortuorum
1496 1582 1638 1624 homi-

137 1666 247 1695 num
286 1651 452 1694 mentis
486 1657 598 1694 mea}
621 1650 857 1694 obtutibus
877 1650 1078 1693 crebrius
1101 1650 1326 1708 imagines
1356 1650 1568 1705 inferens,
1596 1656 1641 1695 et

136 1720 334 1764 maxime
361 1735 534 1774 eorum,
561 1736 676 1779 quos
702 1720 883 1778 uspiam
909 1720 1089 1778 gladiis,
1119 1724 1197 1762 aut
1221 1718 1426 1777 quolibet
1444 1719 1635 1763 interne-

137 1789 280 1832 cionis
302 1805 467 1848 genere
491 1793 568 1832 aut
587 1789 806 1845 videram,
834 1793 911 1832 aut
932 1788 1198 1831 occubuisse
1225 1788 1470 1842 audieram,
1497 1789 1638 1832 tantis

137 1858 350 1917 spiritum
377 1874 535 1902 somno
557 1858 755 1901 solutum
776 1858 1013 1916 speciebus
1033 1857 1305 1910 exterrebat,
1335 1861 1386 1899 ut
1406 1858 1631 1912 noctibus,

137 1927 314 1971 nisime
331 1927 535 1986 praedicti
556 1927 762 1986 magistri
782 1926 871 1970 mei
891 1926 1130 1984 vigilantia
1151 1926 1469 1981 communiret,
1494 1942 1638 1985 neque

138 1997 255 2040 lecto
294 1995 511 2051 cohiberi,
550 2011 696 2054 neque
738 2012 761 2039 a
809 1995 1082 2039 clamoribus
1116 1995 1272 2049 arceri,
1309 1995 1448 2037 immo
1485 2001 1530 2038 et
1562 1997 1637 2039 vix

138 2080 324 2108 sensum
354 2080 510 2124 regere
536 2081 734 2123 possem.
768 2066 878 2117 Quae
905 2064 1130 2117 molestia,
1169 2063 1380 2123 quamvis
1407 2064 1634 2123 aliquibus

137 2134 387 2193 inexpertis
403 2134 590 2193 puerilis
616 2149 716 2177 esse
742 2138 878 2193 atque
900 2133 1088 2176 ridicula
1109 2133 1331 2186 videatur,
1357 2137 1494 2175 tantae
1520 2134 1638 2191 apud

137 2218 231 2258 eos,
265 2194 344 2262 q⁸ui
378 2219 428 2247 ea
464 2208 699 2261 urgentur,
730 2203 1003 2246 calamitatis
1032 2202 1239 2256 habetur,
1271 2207 1323 2244 ut
1355 2201 1493 2244 timor
1520 2203 1633 2261 ipse,

137 2273 216 2331 qui
237 2286 263 2316 a
282 2272 511 2332 plerisque
530 2277 718 2331 putatur
740 2273 938 2330 ineptus.
963 2273 1087 2314 nulla
1111 2271 1262 2314 valeat
1293 2272 1485 2325 ratione,
1514 2271 1638 2314 nullo

135 2341 326 2384 consilio
352 2341 612 2400 temperari,
643 2346 702 2396 et,
734 2357 836 2384 cum
860 2342 956 2399 ipse
985 2340 1062 2399 qui
1081 2340 1266 2399 patitur,
1294 2340 1493 2398 idipsum
1517 2341 1638 2398 quod

135 2410 307 2469 patitur
328 2411 647 2469 floccipendat,
687 2410 813 2453 nulla
840 2415 993 2453 tamen
1022 2410 1289 2453 auctoritate
1324 2410 1524 2467 spiritUS‚
1561 2408 1638 2451 ubi

137 2494 186 2523 se
213 2480 380 2538 sopori,
415 2480 488 2522 vel
520 2495 697 2538 parum,
726 2479 1014 2532 immerserit,
1045 2478 1272 2521 horrentia
1306 2479 1401 2521 visa
1429 2478 1635 2532 recutiat,

137 2548 278 2591 immo
317 2563 527 2591 somnum
564 2553 766 2607 repetere
803 2564 933 2591 mens
974 2548 1173 2606 graviter
1199 2563 1223 2590 a
1260 2547 1500 2590 timoribus
1533 2547 1639 2589 irre-

138 2617 288 2675 quieta
312 2617 566 2676 pertimeat.
590 2617 675 2660 Cui
696 2617 921 2676 siquidem
942 2617 1144 2675 passioni
1163 2617 1299 2659 etiam
1322 2616 1571 2674 frequentia
1595 2621 1639 2658 et

134 2685 331 2729 solitudo
368 2686 493 2745 paria
535 2691 656 2739 sunt,
702 2686 810 2729 dum
849 2686 1042 2728 societas
1081 2686 1231 2728 timori
1263 2701 1353 2727 non
1391 2685 1558 2737 obstat,
1590 2690 1634 2727 et

179 2817 212 2840 a.
230 2817 472 2850 quaecumque
492 2808 535 2839 D.
