<?xml version="1.0" encoding="UTF-8"?>
<!DOCTYPE html PUBLIC "-//W3C//DTD XHTML 1.0 Transitional//EN"
    "http://www.w3.org/TR/xhtml1/DTD/xhtml1-transitional.dtd">
<html xmlns="http://www.w3.org/1999/xhtml" xml:lang="en" lang="en">
 <head>
  <title>
</title>
<meta http-equiv="Content-Type" content="text/html;charset=utf-8" />
  <meta name='ocr-system' content='tesseract 3.04.00' />
  <meta name='ocr-capabilities' content='ocr_page ocr_carea ocr_par ocr_line ocrx_word'/>
</head>
<body>
  <div class='ocr_page' id='page_1' title='image "./histoiredesavie100guibuoft_0078.png"; bbox 0 0 1930 3224; ppageno 0'>
   <div class='ocr_carea' id='block_1_1' title="bbox 1710 0 1930 104">
    <p class='ocr_par' dir='ltr' id='par_1_1' title="bbox 1710 0 1930 104">
     <span class='ocr_line' id='line_1_1' title="bbox 1710 0 1930 104; baseline 0 3120"><span class='ocrx_word' id='word_1_1' title='bbox 1710 0 1930 104; x_wconf 95' lang='lat' dir='ltr'> </span> 
     </span>
    </p>
   </div>
   <div class='ocr_carea' id='block_1_2' title="bbox 269 255 1353 319">
    <p class='ocr_par' dir='ltr' id='par_1_2' title="bbox 269 255 1353 319">
     <span class='ocr_line' id='line_1_2' title="bbox 269 255 1353 319; baseline 0.006 -7"><span class='ocrx_word' id='word_1_2' title='bbox 269 255 311 312; x_wconf 33' lang='grc'>’4</span> <span class='ocrx_word' id='word_1_3' title='bbox 691 259 790 316; x_wconf 63' lang='lat' dir='ltr'>m.</span> <span class='ocrx_word' id='word_1_4' title='bbox 824 281 1016 317; x_wconf 63' lang='lat' dir='ltr'>Gmssnflh</span> <span class='ocrx_word' id='word_1_5' title='bbox 1048 280 1154 318; x_wconf 64' lang='lat' dir='ltr'>v‘l‘r‘AE&#39;</span> <span class='ocrx_word' id='word_1_6' title='bbox 1186 283 1308 318; x_wconf 66' lang='lat' dir='ltr'>mmm</span> <span class='ocrx_word' id='word_1_7' title='bbox 1340 283 1353 319; x_wconf 79' lang='lat'>1</span> 
     </span>
    </p>
   </div>
   <div class='ocr_carea' id='block_1_3' title="bbox 280 384 1770 650">
    <p class='ocr_par' dir='ltr' id='par_1_3' title="bbox 280 384 1770 650">
     <span class='ocr_line' id='line_1_3' title="bbox 282 384 1766 442; baseline 0.006 -16"><span class='ocrx_word' id='word_1_8' title='bbox 282 400 454 426; x_wconf 82' lang='lat' dir='ltr'>caream</span> <span class='ocrx_word' id='word_1_9' title='bbox 484 398 493 428; x_wconf 71' lang='grc' dir='ltr'>ε</span> <span class='ocrx_word' id='word_1_10' title='bbox 518 384 704 441; x_wconf 81' lang='lat' dir='ltr'>dignum</span> <span class='ocrx_word' id='word_1_11' title='bbox 722 401 771 427; x_wconf 88' lang='lat' dir='ltr'>ac</span> <span class='ocrx_word' id='word_1_12' title='bbox 790 385 1077 442; x_wconf 80' lang='lat' dir='ltr'>singulariter</span> <span class='ocrx_word' id='word_1_13' title='bbox 1100 387 1294 430; x_wconf 90' lang='lat' dir='ltr'>salutare</span> <span class='ocrx_word' id='word_1_14' title='bbox 1319 393 1401 440; x_wconf 87' lang='lat' dir='ltr'>est,</span> <span class='ocrx_word' id='word_1_15' title='bbox 1438 394 1488 431; x_wconf 91' lang='lat' dir='ltr'>ut</span> <span class='ocrx_word' id='word_1_16' title='bbox 1514 385 1766 434; x_wconf 76' lang='lat' dir='ltr'>obscuritas</span> 
     </span>
     <span class='ocr_line' id='line_1_4' title="bbox 282 453 1770 511; baseline 0.005 -18"><span class='ocrx_word' id='word_1_17' title='bbox 282 453 470 494; x_wconf 89' lang='lat' dir='ltr'>rationis</span> <span class='ocrx_word' id='word_1_18' title='bbox 485 468 594 494; x_wconf 81' lang='lat' dir='ltr'>meae</span> <span class='ocrx_word' id='word_1_19' title='bbox 611 469 689 511; x_wconf 92' lang='lat' dir='ltr'>per</span> <span class='ocrx_word' id='word_1_20' title='bbox 706 453 962 510; x_wconf 89' lang='lat' dir='ltr'>hujusmodi</span> <span class='ocrx_word' id='word_1_21' title='bbox 982 454 1288 498; x_wconf 87' lang='lat' dir='ltr'>confessiones</span> <span class='ocrx_word' id='word_1_22' title='bbox 1317 455 1470 498; x_wconf 87' lang='lat' dir='ltr'>crebra</span> <span class='ocrx_word' id='word_1_23' title='bbox 1490 457 1557 499; x_wconf 78' lang='lat' dir='ltr'>tui</span> <span class='ocrx_word' id='word_1_24' title='bbox 1586 458 1770 502; x_wconf 87' lang='lat' dir='ltr'>luminis</span> 
     </span>
     <span class='ocr_line' id='line_1_5' title="bbox 280 520 1766 584; baseline 0.005 -23"><span class='ocrx_word' id='word_1_25' title='bbox 280 520 569 578; x_wconf 84' lang='lat' dir='ltr'>inquisitione</span> <span class='ocrx_word' id='word_1_26' title='bbox 610 526 825 579; x_wconf 77' lang='lat' dir='ltr'>tergatur,</span> <span class='ocrx_word' id='word_1_27' title='bbox 873 537 960 579; x_wconf 92' lang='lat' dir='ltr'>quo</span> <span class='ocrx_word' id='word_1_28' title='bbox 999 523 1220 566; x_wconf 88' lang='lat' dir='ltr'>stabiliter</span> <span class='ocrx_word' id='word_1_29' title='bbox 1256 524 1481 567; x_wconf 88' lang='lat' dir='ltr'>illustrata</span> <span class='ocrx_word' id='word_1_30' title='bbox 1534 541 1766 584; x_wconf 88' lang='lat' dir='ltr'>nunquam</span> 
     </span>
     <span class='ocr_line' id='line_1_6' title="bbox 288 591 877 650; baseline 0.003 -17"><span class='ocrx_word' id='word_1_31' title='bbox 288 591 497 650; x_wconf 84' lang='lat' dir='ltr'>deinceps</span> <span class='ocrx_word' id='word_1_32' title='bbox 518 607 543 634; x_wconf 91' lang='lat' dir='ltr'>a</span> <span class='ocrx_word' id='word_1_33' title='bbox 564 607 612 634; x_wconf 90' lang='lat' dir='ltr'>se</span> <span class='ocrx_word' id='word_1_34' title='bbox 638 593 877 636; x_wconf 90' lang='lat' dir='ltr'>nesciatur.</span> 
     </span>
    </p>
   </div>
   <div class='ocr_carea' id='block_1_4' title="bbox 857 760 1194 820">
    <p class='ocr_par' dir='ltr' id='par_1_4' title="bbox 857 760 1194 820">
     <span class='ocr_line' id='line_1_7' title="bbox 857 760 1194 820; baseline 0 -16"><span class='ocrx_word' id='word_1_35' title='bbox 857 760 1086 814; x_wconf 85' lang='lat' dir='ltr'>[CAPUT</span> <span class='ocrx_word' id='word_1_36' title='bbox 1121 762 1194 820; x_wconf 80' lang='grc' dir='ltr'>Π]</span> 
     </span>
    </p>
   </div>
   <div class='ocr_carea' id='block_1_5' title="bbox 276 882 1770 2302">
    <p class='ocr_par' dir='ltr' id='par_1_5' title="bbox 276 882 1770 2167">
     <span class='ocr_line' id='line_1_8' title="bbox 342 882 1770 942; baseline 0 -15"><span class='ocrx_word' id='word_1_37' title='bbox 342 885 423 927; x_wconf 87' lang='lat' dir='ltr'>Est</span> <span class='ocrx_word' id='word_1_38' title='bbox 456 884 606 942; x_wconf 87' lang='lat' dir='ltr'>itaque</span> <span class='ocrx_word' id='word_1_39' title='bbox 641 883 837 941; x_wconf 92' lang='lat' dir='ltr'>primum</span> <span class='ocrx_word' id='word_1_40' title='bbox 869 883 1072 926; x_wconf 89' lang='lat' dir='ltr'>confiteri</span> <span class='ocrx_word' id='word_1_41' title='bbox 1109 883 1207 935; x_wconf 91' lang='lat' dir='ltr'>tibi,</span> <span class='ocrx_word' id='word_1_42' title='bbox 1245 899 1343 942; x_wconf 77' lang='lat' dir='ltr'>quae</span> <span class='ocrx_word' id='word_1_43' title='bbox 1378 883 1488 926; x_wconf 90' lang='lat' dir='ltr'>mihi</span> <span class='ocrx_word' id='word_1_44' title='bbox 1525 882 1770 927; x_wconf 88' lang='lat' dir='ltr'>contuleris</span> 
     </span>
     <span class='ocr_line' id='line_1_9' title="bbox 282 951 1766 1009; baseline 0 -14"><span class='ocrx_word' id='word_1_45' title='bbox 282 952 513 1004; x_wconf 83' lang='lat' dir='ltr'>beneficia,</span> <span class='ocrx_word' id='word_1_46' title='bbox 552 958 602 995; x_wconf 85' lang='lat' dir='ltr'>ut</span> <span class='ocrx_word' id='word_1_47' title='bbox 635 952 915 1009; x_wconf 83' lang='lat' dir='ltr'>perpendant</span> <span class='ocrx_word' id='word_1_48' title='bbox 942 951 1017 1009; x_wconf 92' lang='lat' dir='ltr'>qui</span> <span class='ocrx_word' id='word_1_49' title='bbox 1050 952 1142 993; x_wconf 87' lang='lat' dir='ltr'>haec</span> <span class='ocrx_word' id='word_1_50' title='bbox 1178 951 1334 994; x_wconf 90' lang='lat' dir='ltr'>lecturi</span> <span class='ocrx_word' id='word_1_51' title='bbox 1369 952 1459 994; x_wconf 90' lang='lat' dir='ltr'>sint</span> <span class='ocrx_word' id='word_1_52' title='bbox 1497 951 1653 995; x_wconf 87' lang='lat' dir='ltr'>famuli</span> <span class='ocrx_word' id='word_1_53' title='bbox 1682 952 1766 1005; x_wconf 82' lang='lat' dir='ltr'>tui,</span> 
     </span>
     <span class='ocr_line' id='line_1_10' title="bbox 285 1019 1766 1078; baseline -0.001 -15"><span class='ocrx_word' id='word_1_54' title='bbox 285 1022 422 1074; x_wconf 89' lang='lat' dir='ltr'>Deus,</span> <span class='ocrx_word' id='word_1_55' title='bbox 447 1037 583 1078; x_wconf 88' lang='lat' dir='ltr'>quam</span> <span class='ocrx_word' id='word_1_56' title='bbox 613 1021 670 1062; x_wconf 91' lang='lat' dir='ltr'>sit</span> <span class='ocrx_word' id='word_1_57' title='bbox 696 1020 889 1062; x_wconf 90' lang='lat' dir='ltr'>crudelis</span> <span class='ocrx_word' id='word_1_58' title='bbox 915 1019 1190 1076; x_wconf 84' lang='lat' dir='ltr'>ingratitudo</span> <span class='ocrx_word' id='word_1_59' title='bbox 1214 1035 1326 1062; x_wconf 89' lang='lat' dir='ltr'>mea.</span> <span class='ocrx_word' id='word_1_60' title='bbox 1356 1019 1402 1062; x_wconf 88' lang='lat' dir='ltr'>Si</span> <span class='ocrx_word' id='word_1_61' title='bbox 1420 1020 1540 1062; x_wconf 91' lang='lat' dir='ltr'>enim</span> <span class='ocrx_word' id='word_1_62' title='bbox 1556 1035 1646 1063; x_wconf 93' lang='lat' dir='ltr'>non</span> <span class='ocrx_word' id='word_1_63' title='bbox 1664 1019 1766 1074; x_wconf 86' lang='lat' dir='ltr'>alia,</span> 
     </span>
     <span class='ocr_line' id='line_1_11' title="bbox 283 1087 1766 1148; baseline -0.001 -16"><span class='ocrx_word' id='word_1_64' title='bbox 283 1105 418 1148; x_wconf 92' lang='lat' dir='ltr'>quam</span> <span class='ocrx_word' id='word_1_65' title='bbox 438 1105 538 1146; x_wconf 81' lang='lat' dir='ltr'>quae</span> <span class='ocrx_word' id='word_1_66' title='bbox 566 1089 738 1130; x_wconf 81' lang='lat' dir='ltr'>caeteris</span> <span class='ocrx_word' id='word_1_67' title='bbox 759 1088 1001 1145; x_wconf 83' lang='lat' dir='ltr'>impartiris</span> <span class='ocrx_word' id='word_1_68' title='bbox 1033 1087 1305 1142; x_wconf 88' lang='lat' dir='ltr'>hominibus,</span> <span class='ocrx_word' id='word_1_69' title='bbox 1344 1088 1454 1129; x_wconf 91' lang='lat' dir='ltr'>mihi</span> <span class='ocrx_word' id='word_1_70' title='bbox 1484 1087 1766 1145; x_wconf 87' lang='lat' dir='ltr'>praebuisses,</span> 
     </span>
     <span class='ocr_line' id='line_1_12' title="bbox 285 1155 1770 1214; baseline -0.001 -14"><span class='ocrx_word' id='word_1_71' title='bbox 285 1173 432 1200; x_wconf 92' lang='lat' dir='ltr'>nonne</span> <span class='ocrx_word' id='word_1_72' title='bbox 462 1173 512 1200; x_wconf 91' lang='lat' dir='ltr'>ea</span> <span class='ocrx_word' id='word_1_73' title='bbox 539 1172 637 1214; x_wconf 82' lang='lat' dir='ltr'>quae</span> <span class='ocrx_word' id='word_1_74' title='bbox 670 1157 829 1198; x_wconf 86' lang='lat' dir='ltr'>mereri</span> <span class='ocrx_word' id='word_1_75' title='bbox 861 1161 1094 1213; x_wconf 88' lang='lat' dir='ltr'>potueram</span> <span class='ocrx_word' id='word_1_76' title='bbox 1124 1156 1508 1198; x_wconf 75' lang='lat' dir='ltr'>transcendisses?</span> <span class='ocrx_word' id='word_1_77' title='bbox 1541 1155 1770 1199; x_wconf 90' lang='lat' dir='ltr'>Addidisti</span> 
     </span>
     <span class='ocr_line' id='line_1_13' title="bbox 283 1223 1766 1284; baseline -0.001 -16"><span class='ocrx_word' id='word_1_78' title='bbox 283 1226 476 1284; x_wconf 88' lang='lat' dir='ltr'>plurima</span> <span class='ocrx_word' id='word_1_79' title='bbox 492 1241 590 1282; x_wconf 85' lang='lat' dir='ltr'>quae</span> <span class='ocrx_word' id='word_1_80' title='bbox 610 1240 665 1267; x_wconf 85' lang='lat' dir='ltr'>ex</span> <span class='ocrx_word' id='word_1_81' title='bbox 686 1229 761 1266; x_wconf 89' lang='lat' dir='ltr'>tuo</span> <span class='ocrx_word' id='word_1_82' title='bbox 782 1223 1083 1282; x_wconf 57' lang='lat' dir='ltr'>praedicabilia</span> <span class='ocrx_word' id='word_1_83' title='bbox 1099 1228 1220 1276; x_wconf 92' lang='lat' dir='ltr'>sunt,</span> <span class='ocrx_word' id='word_1_84' title='bbox 1238 1223 1350 1265; x_wconf 90' lang='lat' dir='ltr'>nihil</span> <span class='ocrx_word' id='word_1_85' title='bbox 1365 1231 1382 1250; x_wconf 69' lang='grc' dir='ltr'>ἃ</span> <span class='ocrx_word' id='word_1_86' title='bbox 1405 1228 1554 1266; x_wconf 87' lang='lat' dir='ltr'>autem</span> <span class='ocrx_word' id='word_1_87' title='bbox 1575 1238 1628 1266; x_wconf 88' lang='lat' dir='ltr'>ex</span> <span class='ocrx_word' id='word_1_88' title='bbox 1649 1239 1766 1279; x_wconf 89' lang='lat' dir='ltr'>meo,</span> 
     </span>
     <span class='ocr_line' id='line_1_14' title="bbox 283 1291 1764 1351; baseline -0.002 -15"><span class='ocrx_word' id='word_1_89' title='bbox 283 1300 327 1336; x_wconf 92' lang='lat' dir='ltr'>et</span> <span class='ocrx_word' id='word_1_90' title='bbox 365 1294 448 1336; x_wconf 84' lang='lat' dir='ltr'>alia</span> <span class='ocrx_word' id='word_1_91' title='bbox 499 1293 662 1351; x_wconf 88' lang='lat' dir='ltr'>quibus</span> <span class='ocrx_word' id='word_1_92' title='bbox 707 1292 1087 1350; x_wconf 86' lang='lat' dir='ltr'>supersedendum</span> <span class='ocrx_word' id='word_1_93' title='bbox 1135 1307 1309 1334; x_wconf 89' lang='lat' dir='ltr'>cense0.</span> <span class='ocrx_word' id='word_1_94' title='bbox 1358 1291 1405 1334; x_wconf 90' lang='lat' dir='ltr'>Si</span> <span class='ocrx_word' id='word_1_95' title='bbox 1449 1291 1568 1334; x_wconf 88' lang='lat' dir='ltr'>enim</span> <span class='ocrx_word' id='word_1_96' title='bbox 1603 1307 1764 1349; x_wconf 83' lang='lat' dir='ltr'>genus,</span> 
     </span>
     <span class='ocr_line' id='line_1_15' title="bbox 283 1359 1762 1420; baseline -0.001 -17"><span class='ocrx_word' id='word_1_97' title='bbox 283 1378 389 1420; x_wconf 85' lang='lat' dir='ltr'>opes</span> <span class='ocrx_word' id='word_1_98' title='bbox 411 1366 455 1404; x_wconf 93' lang='lat' dir='ltr'>et</span> <span class='ocrx_word' id='word_1_99' title='bbox 475 1361 630 1413; x_wconf 85' lang='lat' dir='ltr'>forma,</span> <span class='ocrx_word' id='word_1_100' title='bbox 653 1366 703 1403; x_wconf 88' lang='lat' dir='ltr'>ut</span> <span class='ocrx_word' id='word_1_101' title='bbox 726 1365 882 1402; x_wconf 81' lang='lat' dir='ltr'>caetera</span> <span class='ocrx_word' id='word_1_102' title='bbox 902 1359 938 1413; x_wconf 74' lang='lat'>¹³,</span> <span class='ocrx_word' id='word_1_103' title='bbox 964 1360 1099 1418; x_wconf 89' lang='lat' dir='ltr'>siqua</span> <span class='ocrx_word' id='word_1_104' title='bbox 1121 1364 1241 1412; x_wconf 87' lang='lat' dir='ltr'>sunt,</span> <span class='ocrx_word' id='word_1_105' title='bbox 1265 1364 1454 1412; x_wconf 88' lang='lat' dir='ltr'>taceam,</span> <span class='ocrx_word' id='word_1_106' title='bbox 1469 1364 1530 1414; x_wconf 88' lang='lat' dir='ltr'>te,</span> <span class='ocrx_word' id='word_1_107' title='bbox 1557 1359 1762 1413; x_wconf 90' lang='lat' dir='ltr'>Domine,</span> 
     </span>
     <span class='ocr_line' id='line_1_16' title="bbox 281 1427 1764 1485; baseline -0.002 -13"><span class='ocrx_word' id='word_1_108' title='bbox 281 1435 460 1472; x_wconf 89' lang='lat' dir='ltr'>auctore</span> <span class='ocrx_word' id='word_1_109' title='bbox 510 1429 687 1481; x_wconf 86' lang='lat' dir='ltr'>dantur,</span> <span class='ocrx_word' id='word_1_110' title='bbox 730 1428 852 1470; x_wconf 90' lang='lat' dir='ltr'>nulla</span> <span class='ocrx_word' id='word_1_111' title='bbox 899 1428 1018 1485; x_wconf 91' lang='lat' dir='ltr'>apud</span> <span class='ocrx_word' id='word_1_112' title='bbox 1054 1427 1194 1469; x_wconf 87' lang='lat' dir='ltr'>bonos</span> <span class='ocrx_word' id='word_1_113' title='bbox 1227 1427 1358 1470; x_wconf 89' lang='lat' dir='ltr'>laude</span> <span class='ocrx_word' id='word_1_114' title='bbox 1402 1427 1619 1481; x_wconf 83' lang='lat' dir='ltr'>feruntur,</span> <span class='ocrx_word' id='word_1_115' title='bbox 1678 1427 1764 1484; x_wconf 85' lang='lat' dir='ltr'>nisi</span> 
     </span>
     <span class='ocr_line' id='line_1_17' title="bbox 282 1494 1766 1554; baseline -0.001 -14"><span class='ocrx_word' id='word_1_116' title='bbox 282 1514 399 1550; x_wconf 92' lang='lat' dir='ltr'>cum,</span> <span class='ocrx_word' id='word_1_117' title='bbox 431 1498 486 1539; x_wconf 92' lang='lat' dir='ltr'>ab</span> <span class='ocrx_word' id='word_1_118' title='bbox 514 1498 583 1539; x_wconf 89' lang='lat' dir='ltr'>his</span> <span class='ocrx_word' id='word_1_119' title='bbox 615 1497 778 1554; x_wconf 90' lang='lat' dir='ltr'>quibus</span> <span class='ocrx_word' id='word_1_120' title='bbox 814 1513 838 1538; x_wconf 91' lang='lat' dir='ltr'>a</span> <span class='ocrx_word' id='word_1_121' title='bbox 865 1500 908 1538; x_wconf 87' lang='lat' dir='ltr'>te</span> <span class='ocrx_word' id='word_1_122' title='bbox 940 1496 1043 1538; x_wconf 85' lang='lat' dir='ltr'>data</span> <span class='ocrx_word' id='word_1_123' title='bbox 1075 1500 1194 1548; x_wconf 87' lang='lat' dir='ltr'>sunt,</span> <span class='ocrx_word' id='word_1_124' title='bbox 1220 1495 1303 1537; x_wconf 90' lang='lat' dir='ltr'>sub</span> <span class='ocrx_word' id='word_1_125' title='bbox 1330 1495 1484 1553; x_wconf 83' lang='lat' dir='ltr'>regula</span> <span class='ocrx_word' id='word_1_126' title='bbox 1516 1494 1766 1539; x_wconf 79' lang='lat' dir='ltr'>honestatis</span> 
     </span>
     <span class='ocr_line' id='line_1_18' title="bbox 281 1562 1764 1622; baseline -0.002 -14"><span class='ocrx_word' id='word_1_127' title='bbox 281 1567 502 1618; x_wconf 81' lang='lat' dir='ltr'>arcentur,</span> <span class='ocrx_word' id='word_1_128' title='bbox 534 1570 611 1607; x_wconf 89' lang='lat' dir='ltr'>aut</span> <span class='ocrx_word' id='word_1_129' title='bbox 639 1579 820 1622; x_wconf 87' lang='lat' dir='ltr'>prorsus</span> <span class='ocrx_word' id='word_1_130' title='bbox 838 1562 1193 1621; x_wconf 84' lang='lat' dir='ltr'>contemptibilia</span> <span class='ocrx_word' id='word_1_131' title='bbox 1219 1578 1297 1620; x_wconf 89' lang='lat' dir='ltr'>pro</span> <span class='ocrx_word' id='word_1_132' title='bbox 1318 1578 1409 1604; x_wconf 81' lang='lat' dir='ltr'>suae</span> <span class='ocrx_word' id='word_1_133' title='bbox 1436 1563 1542 1605; x_wconf 89' lang='lat' dir='ltr'>vitio</span> <span class='ocrx_word' id='word_1_134' title='bbox 1569 1563 1764 1606; x_wconf 88' lang='lat' dir='ltr'>mutabi-</span> 
     </span>
     <span class='ocr_line' id='line_1_19' title="bbox 278 1630 1764 1688; baseline -0.001 -13"><span class='ocrx_word' id='word_1_135' title='bbox 278 1635 418 1676; x_wconf 85' lang='lat' dir='ltr'>litatis</span> <span class='ocrx_word' id='word_1_136' title='bbox 447 1633 679 1675; x_wconf 88' lang='lat' dir='ltr'>habentur.</span> <span class='ocrx_word' id='word_1_137' title='bbox 721 1631 838 1684; x_wconf 91' lang='lat' dir='ltr'>Quid</span> <span class='ocrx_word' id='word_1_138' title='bbox 867 1631 986 1673; x_wconf 90' lang='lat' dir='ltr'>enim</span> <span class='ocrx_word' id='word_1_139' title='bbox 1018 1631 1074 1672; x_wconf 92' lang='lat' dir='ltr'>ad</span> <span class='ocrx_word' id='word_1_140' title='bbox 1102 1646 1171 1673; x_wconf 92' lang='lat' dir='ltr'>me</span> <span class='ocrx_word' id='word_1_141' title='bbox 1210 1631 1264 1673; x_wconf 91' lang='lat' dir='ltr'>de</span> <span class='ocrx_word' id='word_1_142' title='bbox 1297 1630 1375 1672; x_wconf 89' lang='lat' dir='ltr'>his.</span> <span class='ocrx_word' id='word_1_143' title='bbox 1394 1646 1492 1688; x_wconf 80' lang='lat' dir='ltr'>quae</span> <span class='ocrx_word' id='word_1_144' title='bbox 1528 1630 1647 1673; x_wconf 90' lang='lat' dir='ltr'>solas</span> <span class='ocrx_word' id='word_1_145' title='bbox 1671 1631 1764 1674; x_wconf 89' lang='lat' dir='ltr'>suis</span> 
     </span>
     <span class='ocr_line' id='line_1_20' title="bbox 279 1698 1765 1758; baseline -0.002 -15"><span class='ocrx_word' id='word_1_146' title='bbox 279 1702 503 1744; x_wconf 85' lang='lat' dir='ltr'>coloribus</span> <span class='ocrx_word' id='word_1_147' title='bbox 553 1706 685 1758; x_wconf 88' lang='lat' dir='ltr'>atque</span> <span class='ocrx_word' id='word_1_148' title='bbox 732 1699 988 1741; x_wconf 84' lang='lat' dir='ltr'>nominibus</span> <span class='ocrx_word' id='word_1_149' title='bbox 1028 1713 1184 1740; x_wconf 84' lang='lat' dir='ltr'>causas</span> <span class='ocrx_word' id='word_1_150' title='bbox 1216 1698 1411 1740; x_wconf 83' lang='lat' dir='ltr'>lasciviae</span> <span class='ocrx_word' id='word_1_151' title='bbox 1455 1698 1765 1756; x_wconf 85' lang='lat' dir='ltr'>superbiaeque</span> 
     </span>
     <span class='ocr_line' id='line_1_21' title="bbox 280 1766 1764 1826; baseline -0.003 -14"><span class='ocrx_word' id='word_1_152' title='bbox 280 1771 553 1822; x_wconf 88' lang='lat' dir='ltr'>ministrant,</span> <span class='ocrx_word' id='word_1_153' title='bbox 585 1784 682 1826; x_wconf 82' lang='lat' dir='ltr'>quae</span> <span class='ocrx_word' id='word_1_154' title='bbox 716 1768 779 1810; x_wconf 91' lang='lat' dir='ltr'>sic</span> <span class='ocrx_word' id='word_1_155' title='bbox 804 1767 949 1809; x_wconf 90' lang='lat' dir='ltr'>media</span> <span class='ocrx_word' id='word_1_156' title='bbox 988 1771 1108 1820; x_wconf 83' lang='lat' dir='ltr'>sunt,</span> <span class='ocrx_word' id='word_1_157' title='bbox 1149 1771 1199 1808; x_wconf 89' lang='lat' dir='ltr'>ut</span> <span class='ocrx_word' id='word_1_158' title='bbox 1229 1782 1311 1823; x_wconf 90' lang='lat' dir='ltr'>pro</span> <span class='ocrx_word' id='word_1_159' title='bbox 1350 1767 1568 1809; x_wconf 88' lang='lat' dir='ltr'>mentium</span> <span class='ocrx_word' id='word_1_160' title='bbox 1609 1766 1764 1809; x_wconf 88' lang='lat' dir='ltr'>habitu</span> 
     </span>
     <span class='ocr_line' id='line_1_22' title="bbox 279 1835 1766 1891; baseline -0.003 -11"><span class='ocrx_word' id='word_1_161' title='bbox 279 1837 552 1880; x_wconf 88' lang='lat' dir='ltr'>circumferri</span> <span class='ocrx_word' id='word_1_162' title='bbox 595 1837 650 1879; x_wconf 91' lang='lat' dir='ltr'>ad</span> <span class='ocrx_word' id='word_1_163' title='bbox 682 1836 850 1878; x_wconf 89' lang='lat' dir='ltr'>bonum</span> <span class='ocrx_word' id='word_1_164' title='bbox 891 1835 1117 1876; x_wconf 83' lang='lat' dir='ltr'>malumve</span> <span class='ocrx_word' id='word_1_165' title='bbox 1147 1839 1327 1891; x_wconf 86' lang='lat' dir='ltr'>queant,</span> <span class='ocrx_word' id='word_1_166' title='bbox 1367 1850 1466 1891; x_wconf 85' lang='lat' dir='ltr'>quae</span> <span class='ocrx_word' id='word_1_167' title='bbox 1503 1838 1630 1876; x_wconf 88' lang='lat' dir='ltr'>tanto</span> <span class='ocrx_word' id='word_1_168' title='bbox 1660 1839 1766 1876; x_wconf 91' lang='lat' dir='ltr'>sunt</span> 
     </span>
     <span class='ocr_line' id='line_1_23' title="bbox 278 1902 1764 1962; baseline -0.002 -14"><span class='ocrx_word' id='word_1_169' title='bbox 278 1906 550 1948; x_wconf 85' lang='lat' dir='ltr'>flexibilitati</span> <span class='ocrx_word' id='word_1_170' title='bbox 580 1904 731 1946; x_wconf 87' lang='lat' dir='ltr'>addita</span> <span class='ocrx_word' id='word_1_171' title='bbox 758 1908 926 1962; x_wconf 85' lang='lat' dir='ltr'>quanto</span> <span class='ocrx_word' id='word_1_172' title='bbox 945 1910 960 1929; x_wconf 78' lang='lat'><strong><em>⁶</em></strong></span> <span class='ocrx_word' id='word_1_173' title='bbox 987 1918 1065 1960; x_wconf 84' lang='lat' dir='ltr'>pro</span> <span class='ocrx_word' id='word_1_174' title='bbox 1087 1902 1156 1943; x_wconf 91' lang='lat' dir='ltr'>sui</span> <span class='ocrx_word' id='word_1_175' title='bbox 1182 1902 1498 1945; x_wconf 85' lang='lat' dir='ltr'>transibilitate</span> <span class='ocrx_word' id='word_1_176' title='bbox 1523 1907 1727 1960; x_wconf 87' lang='lat' dir='ltr'>suspecta</span> <span class='ocrx_word' id='word_1_177' title='bbox 1743 1903 1764 1944; x_wconf 68' lang='grc' dir='ltr'>ἱ)</span> 
     </span>
     <span class='ocr_line' id='line_1_24' title="bbox 279 1969 1757 2032; baseline -0.003 -16"><span class='ocrx_word' id='word_1_178' title='bbox 279 1975 421 2032; x_wconf 87' lang='lat' dir='ltr'>Super</span> <span class='ocrx_word' id='word_1_179' title='bbox 443 1974 607 2031; x_wconf 89' lang='lat' dir='ltr'>quibus</span> <span class='ocrx_word' id='word_1_180' title='bbox 639 1973 677 2014; x_wconf 89' lang='lat' dir='ltr'>si</span> <span class='ocrx_word' id='word_1_181' title='bbox 698 1972 781 2014; x_wconf 88' lang='lat' dir='ltr'>alia</span> <span class='ocrx_word' id='word_1_182' title='bbox 810 1971 923 2013; x_wconf 87' lang='lat' dir='ltr'>ratio</span> <span class='ocrx_word' id='word_1_183' title='bbox 954 1986 1040 2012; x_wconf 93' lang='lat' dir='ltr'>non</span> <span class='ocrx_word' id='word_1_184' title='bbox 1067 1974 1331 2018; x_wconf 70' lang='lat' dir='ltr'>occurreret,</span> <span class='ocrx_word' id='word_1_185' title='bbox 1366 1969 1443 2012; x_wconf 91' lang='lat' dir='ltr'>illa</span> <span class='ocrx_word' id='word_1_186' title='bbox 1479 1970 1587 2012; x_wconf 88' lang='lat' dir='ltr'>satis</span> <span class='ocrx_word' id='word_1_187' title='bbox 1625 1974 1757 2023; x_wconf 90' lang='lat' dir='ltr'>esset,</span> 
     </span>
     <span class='ocr_line' id='line_1_25' title="bbox 277 2037 1760 2100; baseline -0.003 -16"><span class='ocrx_word' id='word_1_188' title='bbox 277 2043 396 2100; x_wconf 93' lang='lat' dir='ltr'>quod</span> <span class='ocrx_word' id='word_1_189' title='bbox 430 2057 574 2098; x_wconf 87' lang='lat' dir='ltr'>neque</span> <span class='ocrx_word' id='word_1_190' title='bbox 607 2056 749 2098; x_wconf 84' lang='lat' dir='ltr'>genus</span> <span class='ocrx_word' id='word_1_191' title='bbox 770 2054 913 2096; x_wconf 91' lang='lat' dir='ltr'>neque</span> <span class='ocrx_word' id='word_1_192' title='bbox 935 2038 1129 2096; x_wconf 86' lang='lat' dir='ltr'>speciem</span> <span class='ocrx_word' id='word_1_193' title='bbox 1151 2038 1251 2095; x_wconf 89' lang='lat' dir='ltr'>quis</span> <span class='ocrx_word' id='word_1_194' title='bbox 1276 2053 1402 2079; x_wconf 90' lang='lat' dir='ltr'>suam</span> <span class='ocrx_word' id='word_1_195' title='bbox 1429 2037 1688 2092; x_wconf 85' lang='lat' dir='ltr'>elaboravit,</span> <span class='ocrx_word' id='word_1_196' title='bbox 1716 2042 1760 2080; x_wconf 85' lang='lat' dir='ltr'>et</span> 
     </span>
     <span class='ocr_line' id='line_1_26' title="bbox 276 2106 1507 2167; baseline -0.005 -15"><span class='ocrx_word' id='word_1_197' title='bbox 276 2110 322 2151; x_wconf 94' lang='lat' dir='ltr'>in</span> <span class='ocrx_word' id='word_1_198' title='bbox 347 2111 415 2152; x_wconf 88' lang='lat' dir='ltr'>his</span> <span class='ocrx_word' id='word_1_199' title='bbox 437 2109 688 2167; x_wconf 80' lang='lat' dir='ltr'>specialiter</span> <span class='ocrx_word' id='word_1_200' title='bbox 714 2123 804 2149; x_wconf 91' lang='lat' dir='ltr'>non</span> <span class='ocrx_word' id='word_1_201' title='bbox 831 2107 964 2148; x_wconf 87' lang='lat' dir='ltr'>habet</span> <span class='ocrx_word' id='word_1_202' title='bbox 990 2106 1110 2164; x_wconf 90' lang='lat' dir='ltr'>quod</span> <span class='ocrx_word' id='word_1_203' title='bbox 1129 2121 1217 2147; x_wconf 91' lang='lat' dir='ltr'>non</span> <span class='ocrx_word' id='word_1_204' title='bbox 1239 2106 1458 2162; x_wconf 88' lang='lat' dir='ltr'>acceperit</span> <span class='ocrx_word' id='word_1_205' title='bbox 1479 2106 1507 2147; x_wconf 85' lang='lat'>¹.</span> 
     </span>
    </p>

    <p class='ocr_par' dir='ltr' id='par_1_6' title="bbox 278 2173 1758 2302">
     <span class='ocr_line' id='line_1_27' title="bbox 336 2173 1758 2234; baseline -0.004 -14"><span class='ocrx_word' id='word_1_206' title='bbox 336 2179 449 2221; x_wconf 87' lang='lat' dir='ltr'>Sunt</span> <span class='ocrx_word' id='word_1_207' title='bbox 462 2178 545 2220; x_wconf 87' lang='lat' dir='ltr'>alia</span> <span class='ocrx_word' id='word_1_208' title='bbox 561 2176 783 2234; x_wconf 85' lang='lat' dir='ltr'>quaedam,</span> <span class='ocrx_word' id='word_1_209' title='bbox 803 2174 966 2233; x_wconf 88' lang='lat' dir='ltr'>quibus</span> <span class='ocrx_word' id='word_1_210' title='bbox 981 2173 1280 2231; x_wconf 87' lang='lat' dir='ltr'>adipiscendis</span> <span class='ocrx_word' id='word_1_211' title='bbox 1301 2173 1495 2215; x_wconf 90' lang='lat' dir='ltr'>humana</span> <span class='ocrx_word' id='word_1_212' title='bbox 1518 2173 1758 2231; x_wconf 90' lang='lat' dir='ltr'>aliquando</span> 
     </span>
     <span class='ocr_line' id='line_1_28' title="bbox 278 2241 1757 2302; baseline -0.004 -14"><span class='ocrx_word' id='word_1_213' title='bbox 278 2246 423 2289; x_wconf 87' lang='lat' dir='ltr'>studia</span> <span class='ocrx_word' id='word_1_214' title='bbox 442 2244 669 2302; x_wconf 88' lang='lat' dir='ltr'>cooperari</span> <span class='ocrx_word' id='word_1_215' title='bbox 702 2247 907 2301; x_wconf 88' lang='lat' dir='ltr'>possunt,</span> <span class='ocrx_word' id='word_1_216' title='bbox 941 2241 1006 2284; x_wconf 90' lang='lat' dir='ltr'>uti</span> <span class='ocrx_word' id='word_1_217' title='bbox 1035 2245 1139 2283; x_wconf 90' lang='lat' dir='ltr'>sunt</span> <span class='ocrx_word' id='word_1_218' title='bbox 1166 2256 1288 2298; x_wconf 84' lang='lat' dir='ltr'>opeS,</span> <span class='ocrx_word' id='word_1_219' title='bbox 1330 2241 1395 2283; x_wconf 90' lang='lat' dir='ltr'>uti</span> <span class='ocrx_word' id='word_1_220' title='bbox 1422 2241 1617 2297; x_wconf 85' lang='lat' dir='ltr'>ingenia,</span> <span class='ocrx_word' id='word_1_221' title='bbox 1643 2245 1757 2283; x_wconf 82' lang='lat' dir='ltr'>teste</span> 
     </span>
    </p>
   </div>
   <div class='ocr_carea' id='block_1_6' title="bbox 315 2352 1672 2393">
    <p class='ocr_par' dir='ltr' id='par_1_7' title="bbox 315 2352 1672 2393">
     <span class='ocr_line' id='line_1_29' title="bbox 315 2352 1672 2393; baseline -0.004 -4"><span class='ocrx_word' id='word_1_222' title='bbox 315 2368 345 2389; x_wconf 82' lang='lat' dir='ltr'>a.</span> <span class='ocrx_word' id='word_1_223' title='bbox 367 2357 418 2389; x_wconf 82' lang='lat' dir='ltr'>nil</span> <span class='ocrx_word' id='word_1_224' title='bbox 435 2357 476 2388; x_wconf 93' lang='lat' dir='ltr'>D.</span> <span class='ocrx_word' id='word_1_225' title='bbox 495 2375 536 2379; x_wconf 84' lang='lat'>-—</span> <span class='ocrx_word' id='word_1_226' title='bbox 550 2356 583 2387; x_wconf 84' lang='lat' dir='ltr'>b.</span> <span class='ocrx_word' id='word_1_227' title='bbox 603 2356 702 2386; x_wconf 84' lang='lat' dir='ltr'>Corr.</span> <span class='ocrx_word' id='word_1_228' title='bbox 723 2355 765 2386; x_wconf 91' lang='lat' dir='ltr'>de</span> <span class='ocrx_word' id='word_1_229' title='bbox 782 2355 825 2386; x_wconf 93' lang='lat' dir='ltr'>D.</span> <span class='ocrx_word' id='word_1_230' title='bbox 846 2353 984 2385; x_wconf 79' lang='lat' dir='ltr'>caeteris</span> <span class='ocrx_word' id='word_1_231' title='bbox 998 2353 1035 2384; x_wconf 88' lang='lat' dir='ltr'>B.</span> <span class='ocrx_word' id='word_1_232' title='bbox 1052 2369 1093 2375; x_wconf 83' lang='lat'>—-</span> <span class='ocrx_word' id='word_1_233' title='bbox 1107 2362 1135 2383; x_wconf 91' lang='lat' dir='ltr'>c.</span> <span class='ocrx_word' id='word_1_234' title='bbox 1156 2352 1254 2383; x_wconf 83' lang='lat' dir='ltr'>Corr.</span> <span class='ocrx_word' id='word_1_235' title='bbox 1272 2352 1315 2382; x_wconf 86' lang='lat' dir='ltr'>dc</span> <span class='ocrx_word' id='word_1_236' title='bbox 1334 2353 1360 2383; x_wconf 90' lang='lat' dir='ltr'>B</span> <span class='ocrx_word' id='word_1_237' title='bbox 1377 2352 1426 2393; x_wconf 86' lang='lat' dir='ltr'>(et</span> <span class='ocrx_word' id='word_1_238' title='bbox 1439 2352 1496 2393; x_wconf 87' lang='lat' dir='ltr'>D).</span> <span class='ocrx_word' id='word_1_239' title='bbox 1514 2353 1613 2384; x_wconf 80' lang='lat' dir='ltr'>tanto</span> <span class='ocrx_word' id='word_1_240' title='bbox 1627 2352 1672 2383; x_wconf 88' lang='lat' dir='ltr'>X.</span> 
     </span>
    </p>
   </div>
   <div class='ocr_carea' id='block_1_7' title="bbox 270 2481 1757 2815">
    <p class='ocr_par' dir='ltr' id='par_1_8' title="bbox 270 2481 1757 2815">
     <span class='ocr_line' id='line_1_30' title="bbox 316 2481 1757 2527; baseline -0.004 -8"><span class='ocrx_word' id='word_1_241' title='bbox 316 2491 343 2518; x_wconf 84' lang='lat'>1.</span> <span class='ocrx_word' id='word_1_242' title='bbox 368 2487 468 2519; x_wconf 89' lang='lat' dir='ltr'>Voici</span> <span class='ocrx_word' id='word_1_243' title='bbox 488 2497 527 2518; x_wconf 87' lang='lat' dir='ltr'>ce</span> <span class='ocrx_word' id='word_1_244' title='bbox 542 2497 610 2527; x_wconf 90' lang='lat' dir='ltr'>que</span> <span class='ocrx_word' id='word_1_245' title='bbox 626 2485 778 2516; x_wconf 81' lang='lat' dir='ltr'>Guibcrt</span> <span class='ocrx_word' id='word_1_246' title='bbox 793 2485 908 2524; x_wconf 72' lang='lat' dir='ltr'>paruit</span> <span class='ocrx_word' id='word_1_247' title='bbox 924 2483 1025 2514; x_wconf 76' lang='lat' dir='ltr'>avoir</span> <span class='ocrx_word' id='word_1_248' title='bbox 1043 2482 1150 2513; x_wconf 87' lang='lat' dir='ltr'>voulu</span> <span class='ocrx_word' id='word_1_249' title='bbox 1165 2481 1241 2512; x_wconf 78' lang='lat' dir='ltr'>dire</span> <span class='ocrx_word' id='word_1_250' title='bbox 1260 2491 1267 2512; x_wconf 80' lang='lat' dir='ltr'><strong><em>z</em></strong></span> <span class='ocrx_word' id='word_1_251' title='bbox 1285 2495 1299 2509; x_wconf 92' lang='lat'>«</span> <span class='ocrx_word' id='word_1_252' title='bbox 1325 2481 1400 2518; x_wconf 88' lang='lat' dir='ltr'>Que</span> <span class='ocrx_word' id='word_1_253' title='bbox 1426 2492 1481 2513; x_wconf 88' lang='lat' dir='ltr'>me</span> <span class='ocrx_word' id='word_1_254' title='bbox 1505 2482 1584 2512; x_wconf 84' lang='lat' dir='ltr'>font</span> <span class='ocrx_word' id='word_1_255' title='bbox 1605 2492 1648 2512; x_wconf 88' lang='lat' dir='ltr'>en</span> <span class='ocrx_word' id='word_1_256' title='bbox 1672 2482 1757 2514; x_wconf 82' lang='lat' dir='ltr'>effet</span> 
     </span>
     <span class='ocr_line' id='line_1_31' title="bbox 272 2523 1754 2568; baseline -0.004 -8"><span class='ocrx_word' id='word_1_257' title='bbox 272 2531 354 2560; x_wconf 84' lang='lat' dir='ltr'>tous</span> <span class='ocrx_word' id='word_1_258' title='bbox 372 2539 430 2559; x_wconf 84' lang='lat' dir='ltr'>ces</span> <span class='ocrx_word' id='word_1_259' title='bbox 461 2530 665 2568; x_wconf 78' lang='lat' dir='ltr'>avantages,</span> <span class='ocrx_word' id='word_1_260' title='bbox 693 2527 781 2557; x_wconf 86' lang='lat' dir='ltr'>dont</span> <span class='ocrx_word' id='word_1_261' title='bbox 805 2527 854 2556; x_wconf 87' lang='lat' dir='ltr'>les</span> <span class='ocrx_word' id='word_1_262' title='bbox 881 2534 1098 2566; x_wconf 83' lang='lat' dir='ltr'>apparences</span> <span class='ocrx_word' id='word_1_263' title='bbox 1124 2525 1160 2554; x_wconf 84' lang='lat' dir='ltr'>ct</span> <span class='ocrx_word' id='word_1_264' title='bbox 1180 2523 1211 2554; x_wconf 91' lang='lat' dir='ltr'>lc</span> <span class='ocrx_word' id='word_1_265' title='bbox 1234 2532 1317 2553; x_wconf 89' lang='lat' dir='ltr'>nom</span> <span class='ocrx_word' id='word_1_266' title='bbox 1340 2523 1435 2554; x_wconf 89' lang='lat' dir='ltr'>seuls</span> <span class='ocrx_word' id='word_1_267' title='bbox 1450 2533 1494 2554; x_wconf 89' lang='lat' dir='ltr'>ne</span> <span class='ocrx_word' id='word_1_268' title='bbox 1512 2524 1593 2555; x_wconf 91' lang='lat' dir='ltr'>sont</span> <span class='ocrx_word' id='word_1_269' title='bbox 1607 2533 1675 2564; x_wconf 88' lang='lat' dir='ltr'>que</span> <span class='ocrx_word' id='word_1_270' title='bbox 1691 2524 1754 2554; x_wconf 86' lang='lat' dir='ltr'>des</span> 
     </span>
     <span class='ocr_line' id='line_1_32' title="bbox 274 2564 1754 2607; baseline -0.005 -5"><span class='ocrx_word' id='word_1_271' title='bbox 274 2580 398 2602; x_wconf 86' lang='lat' dir='ltr'>causes</span> <span class='ocrx_word' id='word_1_272' title='bbox 428 2571 471 2601; x_wconf 90' lang='lat' dir='ltr'>de</span> <span class='ocrx_word' id='word_1_273' title='bbox 499 2571 624 2601; x_wconf 83' lang='lat' dir='ltr'>luxure</span> <span class='ocrx_word' id='word_1_274' title='bbox 651 2571 687 2599; x_wconf 84' lang='lat' dir='ltr'>et</span> <span class='ocrx_word' id='word_1_275' title='bbox 709 2567 894 2607; x_wconf 73' lang='lat' dir='ltr'>d&#39;orgueil,</span> <span class='ocrx_word' id='word_1_276' title='bbox 919 2567 1112 2605; x_wconf 84' lang='lat' dir='ltr'>avantages</span> <span class='ocrx_word' id='word_1_277' title='bbox 1133 2564 1160 2594; x_wconf 90' lang='lat' dir='ltr'>si</span> <span class='ocrx_word' id='word_1_278' title='bbox 1184 2564 1404 2604; x_wconf 75' lang='lat' dir='ltr'>equivoques</span> <span class='ocrx_word' id='word_1_279' title='bbox 1436 2575 1516 2605; x_wconf 83' lang='lat' dir='ltr'>que,</span> <span class='ocrx_word' id='word_1_280' title='bbox 1537 2565 1636 2595; x_wconf 87' lang='lat' dir='ltr'>selon</span> <span class='ocrx_word' id='word_1_281' title='bbox 1652 2566 1754 2595; x_wconf 86' lang='lat' dir='ltr'>votre</span> 
     </span>
     <span class='ocr_line' id='line_1_33' title="bbox 273 2605 1753 2652; baseline -0.005 -9"><span class='ocrx_word' id='word_1_282' title='bbox 273 2613 397 2652; x_wconf 78' lang='lat' dir='ltr'>esprit,</span> <span class='ocrx_word' id='word_1_283' title='bbox 418 2612 462 2642; x_wconf 88' lang='lat' dir='ltr'>ils</span> <span class='ocrx_word' id='word_1_284' title='bbox 479 2612 634 2651; x_wconf 84' lang='lat' dir='ltr'>peuvent</span> <span class='ocrx_word' id='word_1_285' title='bbox 657 2619 746 2639; x_wconf 79' lang='lat' dir='ltr'>vous</span> <span class='ocrx_word' id='word_1_286' title='bbox 761 2610 942 2639; x_wconf 81' lang='lat' dir='ltr'>cntrainer</span> <span class='ocrx_word' id='word_1_287' title='bbox 959 2618 1001 2637; x_wconf 85' lang='lat' dir='ltr'>au</span> <span class='ocrx_word' id='word_1_288' title='bbox 1021 2607 1103 2637; x_wconf 89' lang='lat' dir='ltr'>bien</span> <span class='ocrx_word' id='word_1_289' title='bbox 1118 2616 1163 2636; x_wconf 93' lang='lat' dir='ltr'>ou</span> <span class='ocrx_word' id='word_1_290' title='bbox 1182 2615 1225 2636; x_wconf 84' lang='lat' dir='ltr'>au</span> <span class='ocrx_word' id='word_1_291' title='bbox 1243 2607 1325 2641; x_wconf 90' lang='lat' dir='ltr'>mal,</span> <span class='ocrx_word' id='word_1_292' title='bbox 1345 2607 1364 2636; x_wconf 75' lang='lat' dir='ltr'>a</span> <span class='ocrx_word' id='word_1_293' title='bbox 1380 2606 1411 2636; x_wconf 89' lang='lat' dir='ltr'>la</span> <span class='ocrx_word' id='word_1_294' title='bbox 1436 2606 1505 2637; x_wconf 86' lang='lat' dir='ltr'>fois</span> <span class='ocrx_word' id='word_1_295' title='bbox 1525 2605 1692 2637; x_wconf 73' lang='lat' dir='ltr'>entaches</span> <span class='ocrx_word' id='word_1_296' title='bbox 1709 2606 1753 2636; x_wconf 90' lang='lat' dir='ltr'>de</span> 
     </span>
     <span class='ocr_line' id='line_1_34' title="bbox 270 2647 1751 2687; baseline -0.005 -3"><span class='ocrx_word' id='word_1_297' title='bbox 270 2653 511 2684; x_wconf 86' lang='lat' dir='ltr'>l&#39;inccrtitude</span> <span class='ocrx_word' id='word_1_298' title='bbox 548 2653 594 2682; x_wconf 88' lang='lat' dir='ltr'>du</span> <span class='ocrx_word' id='word_1_299' title='bbox 618 2650 797 2682; x_wconf 74' lang='lat' dir='ltr'>caractere</span> <span class='ocrx_word' id='word_1_300' title='bbox 838 2649 982 2679; x_wconf 86' lang='lat' dir='ltr'>humain</span> <span class='ocrx_word' id='word_1_301' title='bbox 1015 2651 1050 2678; x_wconf 83' lang='lat' dir='ltr'>et</span> <span class='ocrx_word' id='word_1_302' title='bbox 1076 2647 1206 2678; x_wconf 84' lang='lat' dir='ltr'>rendus</span> <span class='ocrx_word' id='word_1_303' title='bbox 1247 2650 1410 2686; x_wconf 86' lang='lat' dir='ltr'>suspects</span> <span class='ocrx_word' id='word_1_304' title='bbox 1438 2657 1501 2687; x_wconf 88' lang='lat' dir='ltr'>par</span> <span class='ocrx_word' id='word_1_305' title='bbox 1523 2648 1600 2678; x_wconf 72' lang='lat' dir='ltr'>leur</span> <span class='ocrx_word' id='word_1_306' title='bbox 1621 2656 1751 2687; x_wconf 87' lang='lat' dir='ltr'>propre</span> 
     </span>
     <span class='ocr_line' id='line_1_35' title="bbox 271 2688 1748 2733; baseline -0.005 -8"><span class='ocrx_word' id='word_1_307' title='bbox 271 2694 469 2725; x_wconf 55' lang='lat' dir='ltr'>instabilius</span> <span class='ocrx_word' id='word_1_308' title='bbox 484 2696 498 2724; x_wconf 68' lang='grc' dir='ltr'>’ἲ</span> <span class='ocrx_word' id='word_1_309' title='bbox 523 2693 557 2724; x_wconf 78' lang='lat' dir='ltr'>Si</span> <span class='ocrx_word' id='word_1_310' title='bbox 569 2693 605 2733; x_wconf 87' lang='lat' dir='ltr'>je</span> <span class='ocrx_word' id='word_1_311' title='bbox 620 2692 751 2722; x_wconf 74' lang='lat' dir='ltr'>n&#39;avais</span> <span class='ocrx_word' id='word_1_312' title='bbox 769 2690 903 2722; x_wconf 73' lang='lat' dir='ltr'>d‘autre</span> <span class='ocrx_word' id='word_1_313' title='bbox 927 2690 1033 2720; x_wconf 81' lang='lat' dir='ltr'>motis</span> <span class='ocrx_word' id='word_1_314' title='bbox 1049 2699 1140 2729; x_wconf 77' lang='lat' dir='ltr'>pour</span> <span class='ocrx_word' id='word_1_315' title='bbox 1152 2688 1203 2719; x_wconf 89' lang='lat' dir='ltr'>les</span> <span class='ocrx_word' id='word_1_316' title='bbox 1217 2688 1399 2728; x_wconf 77' lang='lat' dir='ltr'>mepriser,</span> <span class='ocrx_word' id='word_1_317' title='bbox 1416 2688 1555 2719; x_wconf 86' lang='lat' dir='ltr'>celui-ci</span> <span class='ocrx_word' id='word_1_318' title='bbox 1574 2688 1725 2718; x_wconf 78' lang='lat' dir='ltr'>suffirait</span> <span class='ocrx_word' id='word_1_319' title='bbox 1741 2697 1748 2718; x_wconf 93' lang='lat'>:</span> 
     </span>
     <span class='ocr_line' id='line_1_36' title="bbox 271 2729 1749 2776; baseline -0.005 -10"><span class='ocrx_word' id='word_1_320' title='bbox 271 2746 448 2776; x_wconf 83' lang='lat' dir='ltr'>personne</span> <span class='ocrx_word' id='word_1_321' title='bbox 472 2734 729 2765; x_wconf 77' lang='lat' dir='ltr'>n&#39;estl&#39;auteur</span> <span class='ocrx_word' id='word_1_322' title='bbox 744 2733 787 2763; x_wconf 90' lang='lat' dir='ltr'>de</span> <span class='ocrx_word' id='word_1_323' title='bbox 805 2741 869 2762; x_wconf 86' lang='lat' dir='ltr'>son</span> <span class='ocrx_word' id='word_1_324' title='bbox 892 2741 998 2771; x_wconf 78' lang='lat' dir='ltr'>genre</span> <span class='ocrx_word' id='word_1_325' title='bbox 1022 2731 1056 2760; x_wconf 86' lang='lat' dir='ltr'>ni</span> <span class='ocrx_word' id='word_1_326' title='bbox 1075 2731 1117 2761; x_wconf 88' lang='lat' dir='ltr'>de</span> <span class='ocrx_word' id='word_1_327' title='bbox 1139 2739 1202 2760; x_wconf 91' lang='lat' dir='ltr'>son</span> <span class='ocrx_word' id='word_1_328' title='bbox 1220 2730 1359 2769; x_wconf 76' lang='lat' dir='ltr'>espece,</span> <span class='ocrx_word' id='word_1_329' title='bbox 1385 2732 1420 2760; x_wconf 89' lang='lat' dir='ltr'>et</span> <span class='ocrx_word' id='word_1_330' title='bbox 1443 2731 1503 2760; x_wconf 93' lang='lat' dir='ltr'>nul</span> <span class='ocrx_word' id='word_1_331' title='bbox 1529 2738 1574 2759; x_wconf 89' lang='lat' dir='ltr'>ne</span> <span class='ocrx_word' id='word_1_332' title='bbox 1598 2729 1749 2769; x_wconf 80' lang='lat' dir='ltr'>possede</span> 
     </span>
     <span class='ocr_line' id='line_1_37' title="bbox 273 2769 1749 2815; baseline -0.005 -7"><span class='ocrx_word' id='word_1_333' title='bbox 273 2787 391 2807; x_wconf 84' lang='lat' dir='ltr'>aucun</span> <span class='ocrx_word' id='word_1_334' title='bbox 407 2777 450 2807; x_wconf 90' lang='lat' dir='ltr'>de</span> <span class='ocrx_word' id='word_1_335' title='bbox 468 2786 528 2807; x_wconf 85' lang='lat' dir='ltr'>ces</span> <span class='ocrx_word' id='word_1_336' title='bbox 545 2776 647 2806; x_wconf 89' lang='lat' dir='ltr'>biens</span> <span class='ocrx_word' id='word_1_337' title='bbox 671 2774 756 2815; x_wconf 72' lang='lat' dir='ltr'>qu&#39;il</span> <span class='ocrx_word' id='word_1_338' title='bbox 779 2783 823 2804; x_wconf 90' lang='lat' dir='ltr'>ne</span> <span class='ocrx_word' id='word_1_339' title='bbox 848 2771 922 2804; x_wconf 85' lang='lat' dir='ltr'>l&#39;ait</span> <span class='ocrx_word' id='word_1_340' title='bbox 945 2782 1027 2809; x_wconf 79' lang='lat' dir='ltr'>recu</span> <span class='ocrx_word' id='word_1_341' title='bbox 1048 2772 1095 2812; x_wconf 87' lang='lat' dir='ltr'>[et</span> <span class='ocrx_word' id='word_1_342' title='bbox 1122 2780 1193 2802; x_wconf 89' lang='lat' dir='ltr'>non</span> <span class='ocrx_word' id='word_1_343' title='bbox 1205 2770 1351 2811; x_wconf 82' lang='lat' dir='ltr'>acquis].</span> <span class='ocrx_word' id='word_1_344' title='bbox 1385 2771 1463 2802; x_wconf 82' lang='lat' dir='ltr'>»Cf.</span> <span class='ocrx_word' id='word_1_345' title='bbox 1484 2770 1624 2809; x_wconf 87' lang='lat' dir='ltr'>Guizot,</span> <span class='ocrx_word' id='word_1_346' title='bbox 1645 2769 1749 2807; x_wconf 89' lang='lat' dir='ltr'>Coll.,</span> 
     </span>
    </p>
   </div>
   <div class='ocr_carea' id='block_1_8' title="bbox 269 2818 523 2859">
    <p class='ocr_par' dir='ltr' id='par_1_9' title="bbox 269 2818 523 2859">
     <span class='ocr_line' id='line_1_38' title="bbox 269 2818 523 2859; baseline -0.008 -10"><span class='ocrx_word' id='word_1_347' title='bbox 269 2820 294 2849; x_wconf 78' lang='lat' dir='ltr'>t.</span> <span class='ocrx_word' id='word_1_348' title='bbox 314 2818 374 2857; x_wconf 82' lang='lat' dir='ltr'>lx,</span> <span class='ocrx_word' id='word_1_349' title='bbox 399 2828 432 2859; x_wconf 86' lang='lat' dir='ltr'>p.</span> <span class='ocrx_word' id='word_1_350' title='bbox 452 2820 523 2848; x_wconf 84' lang='lat'><strong>345.</strong></span> 
     </span>
    </p>
   </div>
  </div>
 </body>
</html>
