1930 3224
289 234 374 276 2145
676 247 770 275 vm.
808 247 999 275 GUIBER‘H
1037 247 1140 274 wrm:
1173 247 1291 274 mnan
1324 246 1363 274 ιιι

290 346 509 398 honorari,
543 345 747 403 quaedam
768 360 816 386 ea
832 344 902 386 die
922 345 1189 401 paupercula
1211 344 1303 386 sola
1331 345 1496 402 degens
1524 344 1605 387 sub
1630 348 1772 388 matre

289 413 437 471 puella
462 413 619 455 suendi
639 412 868 470 quippiam
895 412 1180 470 praesumpsit
1217 412 1494 470 opusculum.
1533 413 1642 465 Quae
1671 427 1773 455 cum

290 478 496 523 manibus
519 481 686 523 suenda
712 485 927 538 coaptans
962 480 1088 522 filum
1120 496 1199 538 per
1227 481 1443 537 linguam,
1471 485 1522 523 ut
1550 480 1770 532 assolent,

290 555 334 592 et
353 549 476 591 labra
506 549 796 606 protraheret,
841 548 903 590 fili
934 548 1091 598 nodus,
1122 549 1199 606 qui
1222 549 1375 591 multae
1408 554 1500 591 erat
1529 547 1771 606 grossitiei,

291 618 382 660 acsi
406 618 451 659 id
474 622 748 674 praeacutum
774 616 939 673 linguae
956 617 1203 659 summitati
1219 617 1328 659 adeo
1352 617 1578 670 inseritur,
1603 621 1653 659 ut
1676 616 1776 658 nul-

290 687 466 728 latenus
493 685 653 727 exinde
683 685 819 726 eximi
854 690 1027 742 posset;
1067 700 1170 727 nam
1203 685 1239 726 si
1270 684 1325 727 ab
1355 685 1504 742 aliquo
1527 689 1776 727 tentaretur

292 754 438 805 evelli,
461 752 711 794 immodicis
732 753 891 794 misera
910 753 1131 809 angustiis
1147 758 1399 809 angeretur.
1430 753 1545 795 Cum
1566 752 1777 810 frequen·

291 822 353 864 tia
383 821 520 877 igitur
557 820 761 878 populari
790 821 1052 862 calamitosa
1093 821 1170 862 illa
1208 822 1264 863 ad
1305 821 1601 879 episcopalem
1640 820 1779 862 eccle-

297 890 425 941 siam,
459 889 640 945 Reginae
655 897 674 915 ἃ
710 894 956 946 martyrum
1005 889 1354 931 misericordiam
1406 894 1638 946 precatura
1689 902 1778 930 non

292 957 457 1010 verbis,
487 972 587 999 cum
615 962 756 998 matre
792 957 1074 1014 progreditur
1103 970 1111 1000 :
1145 957 1268 1014 loqui
1303 958 1439 1010 enim,
1467 957 1543 999 filo
1577 956 1779 1014 linguam

295 1026 549 1068 terebrante
588 1040 639 1067 ac
671 1025 783 1066 inibi
819 1025 1115 1081 dependente,
1143 1025 1218 1066 vix
1253 1030 1442 1082 poterat.
1477 1025 1595 1076 Quid
1628 1024 1782 1082 plura‘?

295 1093 441 1136 Turba
466 1093 647 1149 quidem
668 1083 799 1149 'vulgi
831 1093 1080 1149 lacrymose
1110 1093 1386 1150 compatiens
1423 1087 1607 1136 domum
1633 1091 1778 1142 rediit,

297 1166 535 1219 postquam
556 1160 632 1203 diu
658 1160 939 1203 laborantem
967 1161 1213 1218 puellulam
1243 1162 1523 1219 multumque
1553 1165 1784 1219 spectave-

298 1234 382 1289 rat,
407 1229 504 1281 Illa,
523 1229 592 1271 die
608 1229 705 1285 ipso
720 1245 821 1271 cum
842 1234 971 1271 nocte
989 1229 1192 1287 sequenti
1207 1245 1497 1287 perseverans
1512 1229 1558 1271 in
1571 1227 1779 1286 petendo,

296 1297 458 1340 comite
484 1301 641 1349 matre,
672 1298 902 1340 remansit.
926 1297 1163 1350 Postridie,
1182 1313 1284 1339 cum
1303 1298 1541 1340 Dominam
1568 1296 1782 1339 coelorum

297 1381 346 1408 ac
366 1371 494 1407 terrae
527 1365 959 1422 praecordialissimis
987 1366 1193 1422 precibus
1225 1365 1544 1423 pulsavissent,
1581 1369 1640 1417 et,
1669 1364 1784 1406 sicut

297 1433 513 1475 Ansellus
536 1434 786 1490 presbyter,
808 1431 1006 1475 ecclesiae
1027 1434 1228 1487 sacrista,
1250 1434 1357 1475 mihi
1381 1433 1552 1486 retulit,
1570 1431 1782 1475 letaniam

299 1507 440 1543 matre
449 1502 783 1558 praenunciante
802 1501 838 1554 ¹³,
860 1501 948 1543 filia
966 1502 1373 1552 submurmurante,
1389 1501 1482 1543 acsi
1499 1501 1664 1544 scirent
1681 1500 1783 1543 lite-

297 1585 369 1611 ras
396 1570 589 1611 mirabili
610 1570 765 1611 ordine
786 1570 1052 1623 texuissent,
1074 1570 1162 1612 filia
1179 1570 1234 1611 ad
1253 1570 1411 1613 Matris
1423 1569 1621 1626 Virginis
1643 1567 1784 1611 altare

298 1637 594 1695 progreditur,
623 1637 920 1695 flebiliterque
942 1637 1268 1694 complectitur,
1292 1653 1487 1695 moxque
1519 1637 1646 1679 filum
1668 1635 1784 1678 inter

299 1706 450 1747 oscula
474 1706 625 1748 crebra
658 1706 851 1748 laxatur.
892 1706 964 1748 Ad
992 1706 1221 1748 theatrum
1243 1711 1379 1748 tantae
1401 1705 1554 1763 gratiae
1582 1705 1729 1747 clerus
1743 1708 1786 1746 et

299 1774 492 1831 populus
505 1775 703 1827 accersit,
718 1774 906 1816 infinitis
918 1774 1126 1817 laudibus
1137 1790 1238 1816 cum
1252 1775 1344 1816 Deo
1353 1774 1490 1831 Virgo
1501 1773 1646 1816 Mater
1656 1771 1788 1815 attol-

299 1842 421 1895 litur,
440 1858 538 1899 quae
560 1843 605 1883 in
630 1858 680 1884 eo
698 1843 918 1899 Reginam
943 1847 1191 1899 martyrum
1217 1858 1264 1884 se
1288 1842 1509 1899 probavit,
1526 1840 1646 1899 quod
1668 1853 1792 1882 com-'

300 1910 484 1952 missam
500 1911 544 1952 in
561 1916 756 1967 martyre
772 1919 788 1938 ⁶
804 1911 982 1969 culpam
1003 1926 1082 1968 pro
1105 1927 1152 1953 se
1174 1911 1237 1953 sic
1261 1911 1355 1953 ulta
1374 1915 1458 1964 est,
1481 1910 1595 1952 sicut
1613 1913 1787 1951 motum

300 1978 491 2035 denique
516 1994 643 2020 suum
662 1979 707 2020 in
724 1979 1026 2021 satisfactione
1041 1979 1061 2005 ‘¹
1076 1979 1259 2036 placuit.
1281 1979 1374 2021 Nec
1395 1994 1552 2036 parum
1577 1975 1787 2032 martyris

301 2046 512 2088 nobilitas
543 2048 719 2099 claruit,
765 2048 841 2105 qui
877 2048 922 2088 in
961 2063 1011 2089 eo
1052 2048 1169 2104 quod
1209 2047 1525 2104 pauperculam
1570 2045 1786 2087 humilem

302 2115 462 2172 puniit,
481 2120 702 2171 quantum
728 2116 958 2172 superbos,
977 2116 1053 2172 qui
1066 2115 1151 2157 sibi
1166 2116 1476 2168 adversantur,
1495 2114 1754 2157 adversetur
1771 2120 1787 2138 ε

301 2183 511 2225 innotuit.
553 2184 647 2225 Hoc
688 2184 732 2224 in
764 2183 917 2225 eadem
948 2200 1031 2240 qua
1067 2184 1235 2225 factum
1261 2188 1329 2225 est
1356 2183 1541 2225 ecclesia
1568 2182 1677 2224 mihi
1693 2181 1788 2224 ests

301 2251 508 2304 relatum,
538 2256 582 2293 et
596 2252 720 2293 iilum
743 2251 864 2293 mirac
899 2252 1123 2308 grossitiei
1147 2267 1247 2293 cum
1278 2251 1394 2293 nodo
1429 2251 1575 2293 adbuc
1604 2254 1787 2292 cruento

303 2335 323 2361 a
356 2319 539 2376 praefato
576 2319 837 2376 presbytero
872 2325 1120 2362 ostensum.
1153 2320 1305 2363 Simile
1342 2318 1450 2376 quid
1476 2319 1609 2361 etiam
1646 2317 1692 2360 in
1716 2317 1786 2359 die

305 2388 681 2429 Annunciationis
699 2387 838 2429 beatae
860 2388 1012 2430 Mariae
1035 2388 1046 2416 1
1068 2393 1220 2430 nostra
1240 2392 1370 2430 aetate
1388 2393 1456 2429 est
1476 2392 1640 2439 actum,
1668 2385 1787 2443 quod

303 2471 326 2495 a
354 2455 576 2508 Ratbodo,
600 2455 723 2496 urbis
741 2456 949 2513 episcopo
971 2457 1001 2508 2’,
1027 2461 1203 2498 constat
1218 2455 1447 2512 scriptum.

345 2576 376 2598 a.
401 2566 533 2607 Reyinsg
549 2567 595 2598 D.
618 2585 658 2589 —-
674 2567 708 2598 b.
728 2567 1000 2607 praenuntiante
1020 2568 1106 2598 D.——-
1125 2577 1153 2598 c.
1175 2568 1371 2608 martyrem
1389 2566 1432 2598 D.
1446 2585 1486 2589 —
1508 2566 1541 2597 d.
1567 2566 1664 2597 Corr.
1682 2565 1725 2596 de
1742 2565 1784 2596 D.

302 2607 549 2647 satisfaciente
568 2609 606 2640 Β.
631 2627 671 2630 -
685 2618 712 2639 e.
731 2608 828 2639 Corr.
847 2609 889 2639 (lc
910 2608 953 2639 D.
971 2610 1155 2640 aversetur
1174 2609 1257 2639 13.-
1272 2608 1299 2648 f.
1319 2610 1351 2639 et
1370 2608 1413 2639 D.

345 2742 374 2810 ἐ.
401 2739 674 2811 kss(?gorgliz}11.fut
691 2781 826 2821 aveque
849 2781 892 2811 (lc
918 2781 1044 2820 Noyon
1063 2781 1107 2811 dc
1128 2784 1206 2810 1068
1228 2781 1246 2811 a
1272 2784 1350 2810 1098
1376 2779 1482 2818 (Gall.
1506 2779 1653 2818 Christ„
1672 2783 1697 2810 t.
1726 2778 1773 2810 lx
