1930 3224
305 265 387 308 ’162
718 278 812 306 VEN.
849 277 1040 306 GUlBERTI
1073 276 1178 305 VITAE
1210 275 1328 304 LIBER
1361 276 1406 303 111

303 393 425 420 mum
464 377 785 434 pontificalium
837 375 1102 427 officiorum,
1158 374 1352 415 crisma-³1
1389 373 1599 415 videlicet
1635 363 1816 416 conse->
1865 368 1867 371 *
1923 393 1930 442 j

301 446 449 488 crare1
479 445 692 487 debuerat
719 449 762 485 et
790 459 814 484 a
842 443 934 484 suis
970 442 1229 484 excessibus
1262 441 1494 483 absolvere
1523 439 1715 498 plebem,
1738 455 1789 493 ea

303 530 356 556 ne
378 513 551 570 ingredi
573 512 752 569 quidem
780 511 905 552 visus
926 515 994 552 est
1026 509 1274 551 ecclesiam.
1314 508 1654 551 Machinabatur
1689 523 1789 550 cum

301 581 559 623 lateralibus
591 580 724 636 regis,
743 584 807 627 ut,
826 576 1164 635 conjurationeb
1194 577 1435 628 destructa,
1469 591 1547 618 rex
1589 575 1708 618 idem
1742 576 1789 618 in

303 653 495 710 priorem
538 651 721 692 modum
756 650 854 706 jura
903 649 1124 705 redigeret
1167 647 1305 690 urbis.
1343 648 1405 689 At
1446 647 1693 704 burgenses
1732 646 1787 691 de

301 736 378 762 sua
409 719 698 761 subversione
729 722 951 768 verentes,
988 716 1338 773 quadringentas
1387 714 1556 773 <utrum
1594 714 1787 772 amplius

301 787 466 844 nescio)
496 787 633 828 libras
662 786 754 842 regi
789 800 839 827 ac
864 785 999 841 regiis
1022 784 1305 841 pollicentur.
1350 783 1513 826 Contra
1550 783 1786 840 episcopus

300 871 504 913 proceres
537 870 687 896 secum
740 853 861 911 loqui
903 868 1003 894 cum
1040 868 1142 909 rege
1182 852 1375 893 solicitat
1389 859 1420 901 ⁶,
1475 850 1786 909 spondentque

300 924 465 980 pariter
491 923 814 980 septingentas.
833 922 929 963 Rex
943 920 1199 962 Ludovicus
1214 919 1413 976 Philippi
1425 919 1544 961 filius
1558 933 1755 976 persona⁴
1767 917 1789 945 ‘¹

299 991 582 1048 conspicuus,
606 995 656 1032 ut
678 990 761 1031 soli
777 988 1003 1045 majestati
1024 988 1154 1045 regiae
1174 987 1401 1030 videretur
1423 987 1627 1040 idoneus,
1649 986 1787 1029 armis

299 1065 523 1110 strenuus,
555 1074 634 1115 pro
659 1058 837 1113 negotio
858 1057 1027 1098 inertiae
1047 1056 1303 1113 impatiens,
1336 1055 1484 1097 animo
1518 1054 1600 1097 sub
1628 1054 1787 1097 adver-

299 1128 359 1169 sis
384 1127 648 1183 intrepidus‚
685 1141 786 1167 cum
816 1121 925 1167 alias
956 1124 1103 1166 bonus
1141 1128 1273 1177 esset,
1319 1123 1363 1164 in
1398 1123 1480 1165 hoc
1512 1138 1603 1164 non
1627 1122 1788 1180 aequis·-

298 1196 439 1237 simus
464 1199 572 1246 erat,
598 1194 718 1251 quod
737 1193 901 1235 vilibus
922 1197 966 1234 et
989 1192 1210 1248 corruptis
1228 1191 1414 1234 avaritia
1434 1190 1637 1248 personis
1652 1190 1788 1232 nimie

298 1278 449 1306 aurem
481 1267 525 1305 et
558 1262 759 1304 animum
798 1260 931 1303 dabat
963 1274 971 1313 3
1002 1260 1121 1317 quod
1159 1260 1216 1301 ad
1251 1259 1497 1301 maximum
1541 1258 1611 1300 sui
1651 1258 1787 1300 detri—

298 1336 503 1373 mentum
520 1335 563 1373 et
581 1328 1024 1386 vituperabilitatem,
1043 1333 1086 1370 et
1099 1327 1343 1369 multorum
1362 1326 1602 1384 perniciem
1626 1325 1786 1368 redun-

299 1400 447 1451 dabat,
478 1398 598 1456 quod
625 1398 697 1439 hic
729 1403 773 1440 et
805 1397 914 1438 alias
949 1396 1117 1438 factum
1143 1399 1333 1437 constat.
1366 1395 1508 1456 Igitur
1541 1394 1706 1451 regius,
1734 1398 1785 1436 ut

298 1467 404 1520 dixi,
479 1466 706 1524 appetitus
748 1465 805 1507 ad
854 1465 1027 1522 potiora
1068 1464 1286 1520 promissa
1339 1463 1605 1515 deflectitur,
1643 1477 1784 1520 eoque

297 1540 451 1577 contra
490 1535 632 1576 Deum
678 1533 937 1584 sancientee,
977 1532 1125 1574 omnia
1160 1536 1435 1573 sacramenta
1469 1546 1564 1584 sua,
1613 1529 1786 1572 scilicet

297 1603 493 1660 episcopi
535 1618 585 1644 ae
624 1616 872 1658 procerum,
916 1601 1010 1642 sine
1052 1599 1144 1641 ulla
1183 1599 1432 1641 honestatis
1461 1614 1511 1640 ac
1557 1613 1784 1640 sacrorum

296 1671 468 1713 dierum
486 1670 764 1726 respectione
785 1674 1041 1711 cassantur„
1061 1667 1121 1709 Ea
1147 1672 1291 1719 nocte,
1321 1682 1400 1708 rex
1428 1670 1611 1724 propter
1642 1666 1784 1724 injus-

295 1739 532 1788 tissimam,
568 1753 703 1795 quam
755 1737 920 1794 populo
976 1736 1242 1788 incusserat,
1286 1734 1482 1787 turbam,
1532 1749 1634 1776 cum
1677 1733 1784 1775 foris

296 1807 477 1848 haberet
500 1806 760 1862 hospitium,
784 1805 977 1846 dormire
999 1803 1229 1861 pertimuit
1246 1807 1370 1844 extra
1387 1801 1639 1859 episcopale
1659 1801 1786 1859 pala-

295 1875 423 1917 tium.
456 1875 551 1916 Rex
575 1889 750 1915 summo
775 1888 904 1914 mane
929 1876 1187 1924 recesserat,
1218 1875 1262 1913 et
1285 1870 1482 1928 episcopi
1501 1870 1558 1912 ad
1579 1884 1784 1927 proceres

297 1943 476 2000 sponsio
509 1942 625 1984 faeta
648 1941 806 1991 fuerat,
835 1946 886 1982 ut
918 1955 1008 1981 non
1031 1943 1291 1981 vererentur
1317 1939 1370 1980 de
1405 1942 1541 1980 tantae
1579 1938 1783 1995 pactione

295 2011 510 2067 pecuniae,
542 2010 732 2051 scientes
764 2024 809 2050 se
831 2008 1050 2065 quidquid
1084 2007 1170 2065 ipsi
1194 2006 1381 2064 polliciti
1411 2005 1586 2048 fuerant
1611 2005 1782 2048 solutu-

296 2098 395 2123 rum
439 2097 551 2123 esse.
582 2080 758 2131 «Quod
807 2079 861 2132 si,
912 2078 1074 2136 inquit,
1109 2078 1228 2135 quod
1263 2077 1392 2119 vobis
1431 2077 1643 2134 spondeo,
1691 2091 1781 2118 non

294 2150 455 2202 secero,
473 2149 635 2191 tradite
657 2163 727 2190 me
755 2147 1063 2189 redimendum
1087 2145 1251 2188 carceri
1274 2145 1411 2201 regio.
1442 2163 1462 2184 »

356 2218 516 2274 Ruptis
550 2217 684 2274 igitur
719 2215 1054 2257 communitatis
1080 2213 1302 2271 praedictae
1335 2212 1594 2266 foederibus,
1628 2216 1780 2254 tantus

294 2286 430 2338 furor,
450 2290 600 2327 tantus
621 2289 776 2341 stupor
798 2283 1090 2340 burgensium
1113 2282 1245 2323 corda
1270 2280 1499 2338 corripuit,
1539 2284 1590 2322 ut
1625 2293 1780 2321 omnes

336 2435 368 2455 a.
386 2423 544 2454 chrisma
567 2423 610 2453 D.
642 2440 681 2444 —
706 2421 738 2452 b.
760 2420 1009 2452 communione
1031 2421 1075 2458 D,
1090 2430 1195 2460 parce
1211 2429 1279 2459 que
1297 2419 1384 2449 dans
1413 2418 1440 2449 B
1458 2416 1710 2459 conjuratione
1728 2419 1782 2448 est

294 2464 466 2505 souligne'‚
481 2467 516 2495 et
529 2464 635 2504 qu'un
651 2463 849 2503 asterisque
865 2462 1022 2502 rappelle
1041 2460 1289 2493 communione
1304 2470 1347 2491 en
1359 2469 1488 2499 merge.
1499 2478 1539 2482 -—
1560 2469 1587 2490 c.
1607 2457 1781 2490 sollicitat

294 2507 337 2538 D.
355 2525 396 2529 --
414 2507 447 2537 d.
473 2512 513 2547 p·
546 2505 650 2536 harre
683 2505 771 2535 dans
797 2506 830 2535 la
859 2504 961 2534 haste
980 2504 1018 2542 B,
1034 2512 1186 2544 persona
1212 2512 1256 2533 en
1280 2511 1399 2541 marge
1433 2500 1590 2542 (accepte
1606 2510 1670 2540 par
1686 2500 1718 2531 D
1736 2509 1779 2531 en

294 2548 436 2589 mai-ge).
463 2565 501 2570 --
519 2557 547 2578 e.
574 2546 673 2577 Corr.
692 2546 735 2576 de
750 2545 794 2577 D.
811 2545 1009 2576 sanctiente
1019 2545 1058 2575 B.

334 2742 362 2770 1.
389 2739 436 2769 La
459 2737 708 2768 consecration
738 2736 799 2766 des
826 2735 940 2765 huiles
971 2734 1105 2765 saintes
1129 2733 1332 2773 appartient
1356 2732 1376 2763 ὸ
1400 2735 1433 2766 la
1453 2732 1597 2772 liturgic
1617 2731 1775 2762 romaine

293 2779 385 2819 (Mgr
418 2780 452 2810 L.
488 2778 689 2816 Duchcsnc‚
722 2776 820 2817 Oriy.
852 2776 898 2807 du
933 2775 1028 2806 culte
1054 2774 1227 2809 chre'tt'en,
1256 2777 1288 2804 3e
1319 2773 1388 2813 ed,
1421 2776 1534 2812 Paris,
1565 2776 1656 2811 1902,
1689 2773 1772 2811 in-S,

293 2831 326 2860 p.
341 2822 425 2860 234).
