1930 3224
318 256 373 298 92
726 271 825 300 VEN.
863 270 1053 299 GL'IBERTI
1085 270 1193 299 vlTAE
1224 271 1343 299 LIBER
1375 272 1387 299 l

317 368 374 411 ad
387 368 693 411 confitendum
708 368 807 424 cogi
825 372 1045 426 potuerat.
1068 369 1194 410 Hanc
1211 369 1294 410 sub
1311 383 1362 410 ea
1377 368 1683 413 obstinatione
1697 371 1811 414 mori

317 440 425 478 tunc
451 431 666 492 contigit,
695 452 794 494 quae
830 451 911 477 nec
944 436 1060 478 inter
1086 437 1369 478 moriendum
1401 437 1512 480 utile
1533 438 1812 497 quidquam⁸

318 504 444 546 dixit.
472 504 675 562 Cumque
695 519 784 545 una
807 519 861 545 ex
880 502 1108 546 sororibus
1135 504 1180 546 in
1207 505 1366 547 cellula
1400 521 1488 563 qua
1514 505 1595 548 illa·
1621 505 1808 559 obierat,

317 572 511 629 quadam
547 577 675 613 nocte
709 572 940 623 dormiret,
982 572 1103 614 videt
1132 572 1178 613 in
1213 573 1383 614 somnis
1416 573 1462 614 in
1494 573 1591 631 ipso
1628 574 1809 617 camino

317 640 478 681 domus
498 639 661 681 nimios
684 640 811 695 ignes
832 639 1029 694 accendi,
1059 655 1246 697 eamque
1263 640 1309 682 in
1330 641 1477 683 medio
1500 641 1694 698 positam
1717 657 1807 684 non

318 707 466 749 solum
492 707 772 764 conflagrari,
803 723 960 749 verum
977 723 1002 749 a
1028 707 1203 750 duobus
1223 709 1433 765 malignis
1451 709 1682 767 spiritibus
1703 709 1807 752 hinc

317 780 361 817 et
378 775 482 817 inde
516 775 707 817 duorum
731 775 999 817 malleorum
1026 775 1188 818 ictibus
1207 777 1351 819 tundi.
1386 776 1494 828 Quae
1526 793 1629 820 cum
1659 781 1807 820 tantas

316 843 492 885 miserae
513 843 635 884 illius
648 843 849 885 mulieris
866 844 1086 886 tortiones
1098 844 1362 898 attenderet,
1385 845 1577 887 scintilla
1596 861 1686 888 una
1705 861 1808 888 con-

317 911 554 953 siderantis
572 911 618 952 in
633 912 812 953 oculum
845 927 898 953 ex
925 912 1210 969 percussione
1225 912 1377 955 mallei
1395 913 1488 955 visa
1504 917 1573 955 est
1586 913 1804 956 evolasse.

316 979 445 1022 Unde
466 984 510 1021 et
537 995 592 1021 ex
611 979 812 1021 coctione
839 979 1080 1022 insidentis
1115 980 1301 1037 igniculi
1324 996 1422 1023 eam
1455 981 1645 1038 contigit
1669 981 1810 1039 evigi-

317 1047 448 1089 lasse.
488 1047 584 1099 Qua
628 1063 678 1088 ex
719 1063 766 1108 re
806 1047 970 1089 factum
1012 1053 1080 1090 est
1121 1053 1186 1101 ut,
1212 1049 1332 1105 quod
1358 1049 1531 1091 viderat
1556 1049 1602 1091 in
1628 1049 1804 1107 spiritu,

316 1120 543 1172 pateretur
564 1116 609 1157 in
634 1131 834 1173 corpore,
870 1119 914 1158 et
947 1116 1126 1160 veritati
1161 1116 1347 1159 visionis
1379 1132 1517 1160 verax
1545 1122 1809 1174 congrueret

317 1183 628 1226 testimonium
656 1184 867 1227 laesionis,

856 1395 1070 1449 [CAPUT
1104 1395 1246 1453 xxv]

378 1561 571 1613 Quidam
611 1561 915 1603 Flaviacensis
952 1562 1197 1604 monachus
1239 1561 1496 1604 Otmundus
1546 1562 1802 1615 vocabatur,

317 1631 410 1688 qui,
438 1645 541 1672 cum
561 1630 705 1671 adhuc
726 1630 913 1672 clericus
939 1630 1130 1688 plurima
1152 1630 1423 1672 monasterio
1449 1630 1731 1681 contulisset,
1751 1630 1807 1672 ad

317 1703 572 1740 extremum
599 1713 696 1739 sese
727 1698 934 1742 contulit.
966 1697 1068 1750 Qui,
1107 1703 1313 1755 suscepto
1351 1699 1638 1752 monachatu,
1673 1699 1808 1756 coepti

316 1766 422 1808 boni
446 1766 688 1824 poenitens,
712 1781 829 1822 aegre
850 1766 1041 1807 nimium
1066 1766 1184 1823 quod
1206 1764 1384 1819 fecerat,
1409 1766 1528 1808 tulit.
1548 1765 1636 1809 Sed
1658 1782 1764 1808 mox
1783 1781 1807 1809 a

318 1835 412 1876 Deo
439 1834 701 1876 infirmitate
722 1834 919 1891 corporis
940 1834 1200 1890 castigatus,
1228 1834 1382 1886 sensit,
1407 1835 1586 1892 egitque
1606 1838 1807 1891 postmo-

316 1902 426 1944 dum
458 1902 673 1944 viciniora
710 1901 861 1954 saluti,
895 1917 975 1943 nec
1000 1917 1176 1944 sacrum
1197 1902 1294 1959 jam
1315 1902 1516 1944 ordinem
1539 1902 1806 1944 necessitate

316 1970 396 2012 sed
425 1970 564 2011 coluit
594 1971 841 2011 voluntate.
878 1970 920 2011 Is
947 1970 1012 2012 ira
1038 1970 1217 2011 mobilis
1250 1985 1352 2012 cum
1371 1985 1499 2027 aequo
1531 1970 1634 2028 plus
1668 1975 1802 2023 esset,

315 2037 459 2079 factus
483 2038 686 2080 ecclesioe
709 2038 902 2079 aedituus
921 2037 956 2091 ¹²,
981 2038 1302 2095 pauperculum
1329 2038 1571 2090 hominem,
1607 2037 1685 2095 qui
1710 2054 1735 2080 a
1758 2053 1805 2080 se

316 2106 650 2162 eleemosynam
676 2106 930 2163 importune
955 2105 1151 2162 petebat,
1182 2106 1290 2147 dure
1318 2107 1557 2163 plusquam
1591 2105 1805 2148 debuerat

315 2173 370 2215 ab
397 2174 584 2215 ecclesia
607 2174 793 2231 expulit.
825 2174 922 2225 Quo
950 2174 1145 2215 interdiu
1160 2174 1293 2226 facto,
1323 2189 1424 2216 cum
1448 2178 1576 2216 nocte
1601 2173 1806 2230 sequenti

313 2241 493 2298 vigilias
516 2242 849 2298 significaturus
875 2243 931 2284 ad
954 2242 1069 2284 ostia
1089 2242 1327 2299 aperienda
1350 2242 1563 2298 prodiret,
1587 2257 1687 2284 ecce
1714 2242 1807 2283 dia-

313 2309 461 2362 bolus,
482 2310 527 2351 in
550 2310 697 2366 specie
718 2309 912 2351 hominis
939 2310 1147 2367 pauperis
1169 2325 1302 2366 quem
1316 2309 1457 2366 pridie
1475 2310 1590 2351 male
1605 2309 1806 2351 elimina-

314 2382 455 2430 verat,
492 2377 577 2419 sibi
615 2377 775 2419 obvius
812 2378 912 2430 fuit,
945 2382 988 2419 et
1022 2378 1139 2419 fuste
1170 2377 1342 2419 elevato
1378 2377 1646 2419 monachum
1678 2377 1806 2434 quasi

314 2460 608 2502 percussurus
629 2445 837 2502 impetiit.
876 2445 1011 2487 Fores
1032 2461 1225 2503 namque
1253 2446 1369 2486 inter
1394 2444 1562 2487 clerum
1585 2449 1628 2486 et
1664 2460 1806 2502 popu-

313 2512 409 2554 lum
431 2512 654 2569 interjecti
668 2513 851 2569 parietis
867 2519 1116 2569 aperuerat,
1138 2518 1182 2555 et
1196 2513 1251 2554 ad
1267 2512 1394 2564 alias,
1421 2528 1500 2570 per
1526 2527 1637 2569 quas
1668 2512 1805 2554 intrat

314 2580 521 2637 populus,
546 2581 808 2622 reserandas
834 2581 1118 2637 procedebat,
1152 2596 1255 2622 cum
1288 2585 1471 2637 repente
1505 2579 1802 2622 exterioribus

313 2648 530 2690 obseratis
551 2649 596 2690 in
623 2648 746 2690 exitu
767 2649 1040 2690 anteriorum
1064 2664 1087 2690 a
1113 2649 1258 2690 medio
1281 2648 1473 2690 basilicae
1488 2648 1563 2689 ille
1582 2647 1800 2690 simulans

352 2806 383 2826 a.
407 2796 604 2837 quicquam
627 2795 722 2826 D.—
740 2795 773 2826 h.
793 2795 858 2825 Seu
883 2795 1064 2825 aeclilimns
1083 2796 1183 2835 quasi
1214 2796 1308 2825 mdes
1335 2795 1437 2825 tuens
1466 2795 1508 2826 D.
1528 2829 1533 2833 ,

1916 388 1930 419 ιε
