1930 3224
286 249 340 293 40
693 263 791 292 VEN.
827 263 1019 292 sumna-ri
1051 265 1158 293 vim:
1189 265 1310 293 Lmen
1342 266 1354 294 1

286 362 564 420 agonizabat,
593 363 716 414 dum,
737 362 883 405 soluto
907 366 1093 419 paterno
1117 363 1357 418 connubio,
1384 364 1440 407 ad
1459 364 1650 408 alterum
1672 379 1772 408 eam

285 431 527 473 transferre
557 430 770 473 maritum
807 430 1056 488 saepissime
1091 431 1393 486 minabantur,
1419 437 1495 475 aut
1523 433 1570 475 in
1595 437 1772 476 exteras

284 499 574 542 remotiorum
592 503 829 556 parentum
853 513 1056 541 meorum
1074 500 1232 542 domos
1261 500 1495 544 abducere.
1526 501 1666 544 Plane
1686 500 1775 544 etsi

282 568 500 610 adversus
524 568 604 610 has
625 567 988 623 importunitates
1003 567 1288 611 acerbissime
1311 569 1550 626 aliquoties
1584 569 1775 612 desuda-

282 635 375 688 bat,
420 641 571 678 tamen
607 640 761 678 contra
797 636 974 693 propria
1013 635 1232 679 lenocinia
1271 637 1433 691 carnis,
1472 642 1517 679 et
1557 651 1774 695 quorum-

285 711 493 762 cunque³
520 708 807 746 externorum
840 705 1221 762 temperamenta¹
1257 705 1467 759 mirabili,
1495 705 1574 748 sed
1608 720 1663 748 ex
1694 709 1772 748 tuo

285 787 484 824 munere,
509 772 630 813 Deus
656 787 798 824 meus,
822 772 1118 829 temperantia
1133 773 1403 816 decertabat.

347 840 448 882 Non
472 840 587 893 dico,
622 840 738 882 bone
774 841 909 894 Deus,
939 839 1076 898 quial)
1101 841 1266 884 virtute
1292 842 1338 883 id
1361 841 1530 895 fecerit,
1561 842 1641 884 sed
1654 841 1775 899 quod

285 908 352 951 tui
379 907 519 950 solius
542 908 687 950 virtus
713 908 847 951 fuerit
871 920 879 950 :
919 909 1293 965 quomodo-enim
1326 909 1471 952 virtus
1500 909 1600 963 fuit,
1639 924 1774 967 quam

286 976 411 1018 nulla
424 976 608 1033 spiritus
628 976 864 1034 carnisque
891 976 1115 1030 discretio,
1139 993 1221 1019 nec
1238 978 1309 1035 pia
1325 978 1381 1020 ad
1401 979 1547 1020 Deum
1567 978 1773 1031 intentio,

288 1045 365 1087 sed
387 1044 482 1086 sola
511 1044 746 1086 exterioris
778 1045 1043 1098 honestatis,
1082 1050 1161 1088 aut
1196 1045 1416 1088 evitandae
1445 1045 1640 1089 infamiae
1671 1060 1774 1088 cura

287 1112 538 1171 peregerit?
590 1112 711 1155 Utile
742 1159 744 1161 ,
769 1113 900 1170 plane
954 1118 1022 1155 est
1074 1113 1340 1156 verecundia
1394 1114 1554 1157 saltem
1597 1118 1778 1171 peccato

287 1181 513 1238 ingruenti
532 1181 739 1223 resistere
758 1195 766 1227 :
788 1196 887 1238 quae
914 1181 1030 1224 sieut
1054 1182 1178 1223 utilis
1207 1186 1275 1224 est
1311 1187 1413 1224 ante
1441 1181 1779 1241 peccatum,ssita

288 1254 390 1308 post
431 1253 667 1306 peccatum
706 1249 991 1292 damnabilis.
1027 1250 1159 1302 Quod
1201 1250 1321 1292 enim
1366 1250 1429 1292 sic
1463 1249 1661 1292 animum
1705 1249 1779 1308 pio

287 1317 456 1375 pudore
478 1321 751 1365 consternat,
779 1323 829 1360 ut
852 1333 875 1360 a
911 1318 1081 1375 peccati
1114 1318 1442 1376 perpetratione
1480 1318 1702 1371 cohibeat,
1721 1317 1780 1360 ad

287 1390 467 1444 tempus
488 1390 556 1428 est
572 1385 698 1439 utile,
720 1386 823 1444 quia
846 1391 996 1444 potest
1023 1386 1107 1428 Dei
1138 1386 1286 1441 timor,
1322 1386 1399 1444 qui
1431 1386 1647 1444 pudorem
1669 1385 1779 1428 insi·-

287 1454 442 1511 pidum
467 1454 559 1496 sale
586 1453 739 1495 divino
761 1454 956 1507 condiat,
1003 1454 1226 1507 accedere,
1250 1459 1301 1497 -et
1332 1454 1453 1512 quod
1488 1454 1544 1497 ad
1577 1459 1774 1512 tempus,

287 1522 334 1564 id
351 1527 420 1564 est
437 1522 493 1564 ad
513 1523 741 1574 saeculum,
768 1523 993 1580 proderat,
1028 1523 1138 1564 utile
1165 1538 1255 1564 non
1294 1523 1351 1565 ad
1380 1527 1675 1576 momentum,
1700 1522 1779 1565 sed

288 1590 559 1633 aeternaliter
584 1590 741 1633 facere.
787 1590 892 1633 Haec
925 1595 993 1633 est
1030 1605 1222 1648 namque
1258 1590 1524 1633 verecundia
1553 1590 1780 1633 adducens

289 1658 496 1716 gloriam,
544 1674 643 1717 quae
679 1663 830 1701 tamen
869 1663 995 1701 tanto
1046 1663 1115 1701 est
1155 1659 1402 1716 perniciosa
1443 1663 1546 1717 post
1581 1659 1776 1716 culpam,

290 1730 458 1784 quanto
482 1727 755 1784 pertinacius
776 1727 1070 1769 confessionis
1091 1730 1257 1769 sanctae
1281 1727 1473 1769 obstruit
1494 1727 1777 1770 medicinam.

292 1794 513 1848 Habebat,
551 1795 741 1837 Domine
768 1796 905 1848 Deus,
929 1795 1096 1837 famula
1115 1799 1190 1837 tua
1208 1799 1351 1837 mater
1364 1810 1461 1837 mea
1485 1794 1781 1838 intentionem

291 1863 430 1914 illam,
459 1863 579 1920 quod
606 1863 662 1905 ad
695 1863 847 1905 saeculi
873 1864 1155 1905 honestatem
1189 1863 1464 1905 contrarium
1499 1863 1566 1904 nil
1601 1867 1777 1920 ageret3

293 1931 370 1973 sed
392 1936 539 1973 tamen
558 1931 690 1988 juxta
706 1931 974 1988 Gregorium
1000 1936 1144 1984 tuum,
1172 1946 1305 1988 quem
1326 1936 1477 1973 tamen
1491 1945 1572 1974 nec
1591 1930 1777 1987 legerat,

292 2014 373 2041 nec
394 1999 484 2056 legi
510 2000 710 2041 audierat
725 1999 756 2053 2,
790 1999 836 2040 in
857 2015 906 2041 ea
928 1999 1177 2041 intentione
1204 2014 1294 2041 non
1323 1999 1504 2053 mansit,
1533 1999 1638 2057 quia
1654 1998 1710 2040 ad
1735 2003 1779 2040 te

293 2068 438 2108 solum
479 2072 633 2125 postea
663 2067 883 2124 quidquid
920 2067 1196 2121 intendebat,
1239 2067 1516 2110 transtulit&
1562 2067 1680 2124 Ergo
1715 2066 1778 2108 sic

294 2135 496 2177 saeculari
523 2136 782 2177 reverentiae
821 2135 1062 2177 inseruisse
1098 2140 1206 2178 tunc
1244 2135 1460 2193 temporis
1492 2134 1779 2178 commodum

293 2203 359 2244 illi
384 2203 481 2246 fuit.

335 2334 365 2356 a.
390 2334 706 2366 quorumcumque
725 2325 768 2357 D.
787 2343 828 2347 —-
844 2324 879 2356 b.
902 2335 973 2367 qua
993 2325 1036 2356 D.

336 2513 364 2540 1.
391 2509 419 2540 Il
436 2510 511 2540 saut
528 2510 765 2550 comprendre
780 2510 826 2540 ici
845 2520 910 2550 par
926 2510 1200 2550 temperament,
1213 2510 1440 2550 complcxion
1457 2519 1669 2541 amoureuse
1682 2526 1724 2532 —-
1739 2509 1784 2540 de

294 2561 381 2581 ceux
399 2551 460 2591 qui
478 2550 705 2582 cher-chaient
723 2552 741 2582 a
759 2551 900 2582 seduire
916 2553 948 2582 la
964 2553 1059 2583 mere
1081 2552 1123 2582 de
1142 2551 1295 2582 Guibert
1310 2561 1356 2588 ou
1370 2550 1618 2590 d'elle-meme,
1635 2569 1678 2574 —
1694 2560 1785 2590 pour

295 2603 362 2632 que
376 2594 407 2623 le
426 2592 726 2632 rapprochement
740 2593 782 2624 de
803 2594 1123 2633 temperamentum
1141 2595 1177 2624 et
1190 2593 1233 2623 de
1249 2592 1484 2634 temperantia
1499 2594 1535 2624 et
1551 2591 1782 2633 l'opposition

295 2634 337 2664 de
356 2644 438 2664 sens
456 2634 498 2664 de
514 2644 572 2664 ces
590 2635 683 2664 deux
700 2636 794 2665 mots
813 2635 964 2673 gardent
985 2636 1085 2666 toute
1104 2635 1182 2666 leur
1198 2644 1337 2666 saveur.

336 2678 365 2705 2.
392 2675 446 2705 On
466 2676 628 2715 pourrait
651 2677 798 2706 trouver
815 2675 859 2706 ici
874 2686 942 2706 une
960 2675 1077 2716 legere
1095 2676 1359 2707 contradiction
1377 2685 1464 2706 avec
1484 2685 1524 2706 ce
1542 2684 1609 2716 que
1628 2674 1782 2705 Guibert

295 2726 386 2798 Ziloifs
405 2717 457 2747 dit
477 2717 523 2792 {iu
541 2718 627 2756 gout
653 2717 695 2747 de
721 2727 758 2748 sa
786 2717 881 2747 mere
909 2727 952 2748 au
977 2718 1094 2748 moins
1120 2722 1211 2758 p'our
1234 2718 1265 2748 lc
1291 2718 1387 2748 culte
1412 2716 1455 2747 de
1486 2717 1580 2748 saint
1604 2715 1780 2757 Gregoire

325 2781 331 2787 .
373 2782 378 2795 ,
395 2768 424 2789 c.
442 2768 476 2788 iv
496 2783 502 2789 .

336 2802 365 2830 3.
391 2799 433 2830 Je
452 2800 519 2830 n'ai
538 2810 601 2840 pas
618 2799 787 2830 retroch
806 2801 837 2830 le
852 2810 1002 2841 passage
1020 2801 1063 2832 de
1082 2800 1254 2840 Gregoire
1271 2800 1301 2832 le
1319 2799 1443 2833 Grand
1462 2798 1598 2839 signal&-
1615 2798 1675 2830 ici.
