1930 3224
315 260 369 306 34
717 274 815 307 VEN.
852 274 1046 306 GmBEer
1077 273 1185 306 v1rAE
1216 273 1338 305 LIBER
1374 274 1388 304 1

372 377 423 419 In
438 381 629 428 tantum,
647 375 846 433 inquam,
866 390 958 417 suae
979 379 1084 417 sunt
1100 374 1310 417 custodes
1322 374 1500 432 inopiae,
1518 377 1584 428 ut,
1603 374 1688 418 hoc
1703 373 1802 432 ipso

315 460 403 502 quo
429 444 605 501 agimus
634 459 768 496 anno,
796 442 1132 486 Nevernensisa
1158 442 1356 495 comes1,
1391 442 1458 484 vir
1489 441 1672 484 omnino
1700 442 1806 485 reli-

314 513 468 570 giosus
486 511 561 554 etb
577 517 752 568 potenS,
777 526 869 564 eOS,
889 526 1020 553 causa
1037 510 1290 553 devotionis
1310 515 1355 552 et
1372 510 1569 567 optimae,
1587 525 1686 568 quae
1701 509 1806 553 hinc

313 586 507 633 emanat,
533 579 771 637 opinionis,
791 579 1010 632 inviserit,
1035 579 1318 637 multumque
1336 593 1470 636 super
1493 577 1709 620 seculari⁰
1728 593 1805 620 eos

314 649 649 707 cupiditate,'ut
684 652 892 689 caverent
918 647 1037 699 inde,
1066 647 1313 700 monuerit3
1347 662 1538 704 cumque
1575 660 1806 704 regressus

314 717 370 759 ad
404 732 483 758 sua
521 731 676 758 eorum
711 715 987 772 indigentiae,
1035 730 1170 773 quam
1205 714 1393 767 viderat,
1434 714 1730 767 meminisset,
1761 718 1806 757 et

315 785 588 827 monitorum
611 799 710 842 quae
730 783 794 825 eis
812 783 1027 825 intulerat
1046 798 1331 840 nequaquam
1353 797 1524 824 memor
1543 775 1677 835 esset,
1701 796 1806 824 nes-

316 853 381 895 cio
391 868 490 909 quae
511 857 737 908 argentea,
763 851 943 909 sciphos
958 850 979 878 ‘¹
999 850 1210 893 videlicet
1232 855 1276 893 et
1293 855 1498 893 scutrase
1516 849 1685 908 preciis
1706 849 1808 907 plu-

316 921 416 963 rimi
446 921 510 962 eis
548 920 686 962 misit.
729 919 818 962 Sed
856 935 1011 961 eorum
1047 935 1146 977 quae
1182 919 1355 961 dixerat
1392 918 1482 960 illis
1522 932 1808 976 nequaquam

316 989 563 1031 obliviosos
598 988 772 1030 invenit
802 1000 811 1030 ζ
848 987 1176 1030 communicato
1222 1002 1414 1044 namque
1459 1002 1565 1028 mox
1596 985 1803 1039 consilio,

315 1072 592 1114 quaecunque
632 1056 806 1098 dixerat
837 1056 893 1098 ad
922 1055 1149 1113 integrum
1174 1055 1365 1097 refutata
1404 1054 1588 1112 recepit.
1627 1072 1648 1094 «
1692 1053 1803 1106 Nos,

315 1125 541 1182 inquiunt,
571 1140 716 1182 neque
739 1125 786 1166 in
813 1124 1022 1181 expensis
1046 1123 1212 1166 nostris
1233 1138 1378 1180 neque
1395 1123 1441 1164 in
1462 1121 1664 1165 ecclesiae
1681 1136 1810 1165 orna-

316 1193 496 1246 mentis,
538 1198 793 1237 exterarum
820 1192 1051 1250 quippiam
1096 1191 1383 1248 pecuniarum
1413 1190 1605 1233 retinere
1637 1189 1808 1247 delegi-

316 1278 431 1318 mus.
462 1262 520 1303 Et
555 1261 593 1302 si
625 1261 672 1302 in
699 1261 859 1313 horum
884 1253 1100 1302 alterutro
1137 1274 1226 1300 non
1259 1259 1543 1317 expenditur,
1579 1262 1632 1300 ut
1651 1257 1760 1315 quid
1782 1273 1807 1300 a

316 1330 446 1371 nobis
486 1329 767 1386 suscipitur?
793 1346 812 1368 »
851 1328 1018 1370 Puduit
1059 1327 1210 1384 itaque
1249 1326 1620 1385 praevaricatoriae
1652 1330 1807 1368 contra

317 1413 448 1439 suum
471 1413 725 1440 sermonem
757 1396 998 1438 oblationis
1019 1395 1244 1447 comitem,
1278 1406 1322 1437 et
1347 1399 1498 1438 tamen
1525 1394 1806 1437 dissimulata

317 1466 630 1523 aspernatione
663 1481 832 1519 eorum,
869 1463 1006 1506 boum
1033 1469 1210 1521 tergora
1241 1468 1285 1505 et
1313 1455 1592 1520 pergamena
1616 1461 1808 1520 plurima
1864 1494 1866 1496 -

316 1525 630 1586 retransmisit,
660 1549 758 1591 quae
779 1548 891 1590 pene
923 1531 1244 1575 inevitabiliter
1275 1531 1386 1588 ipsis
1427 1530 1678 1573 necessaria
1711 1544 1809 1572 esse

317 1602 546 1658 cognovit.

376 1671 572 1712 Vocatur
592 1674 742 1711 autem
764 1668 891 1711 locus
914 1668 990 1710 ille
1012 1667 1217 1710 Cartusia
1231 1675 1265 1720 ἃ,
1303 1667 1349 1709 in
1380 1682 1468 1724 quo
1497 1671 1614 1709 terra
1636 1665 1700 1709 rei
1719 1665 1809 1707 fru-

318 1738 546 1781 mentariae
577 1753 709 1780 causa
747 1753 905 1795 parum
949 1737 1004 1778 ab
1037 1736 1101 1778 eis
1143 1735 1320 1778 colitur.
1356 1736 1524 1776 Verum
1565 1732 1809 1776 velleribus

317 1822 514 1860 suarum,
538 1822 650 1864 quas
674 1806 892 1863 plurimas
913 1805 1134 1856 nutriunt,
1153 1804 1321 1856 ovium,
1342 1800 1691 1861 qualescumque
1715 1801 1809 1844 suis

316 1875 473 1917 usibus
497 1874 924 1931 frugescomparare
941 1873 1062 1915 soliti
1090 1877 1209 1914 sunt.
1233 1871 1347 1914 Sunt
1372 1875 1523 1913 autem
1547 1869 1663 1912 infra
1683 1884 1810 1911 mon-

305 1941 409 1986 tem
435 1943 564 1984 illum
591 1942 845 1984 habitacula
872 1941 1010 1983 laicos
1031 1940 1304 1983 vicenarium
1326 1953 1565 1981 numerum
1590 1928 1808 1980 exceden-

317 2016 385 2054 tes
402 2011 689 2053 fidelissimos
715 2009 968 2062 retinentia,
996 2009 1073 2065 qui
1099 2007 1183 2050 sub
1206 2023 1361 2050 eorum
1387 2010 1527 2064 agunt
1552 2005 1803 2063 diligentia.

318 2080 376 2121 Hi
395 2079 533 2135 igitur
553 2083 677 2121 tanto
699 2082 855 2135 coeptae
882 2075 1273 2135 contemplationis
1300 2075 1472 2117 fervore
1503 2073 1722 2126 feruntur,
1755 2076 1807 2114 ut

315 2147 439 2189 nulla
476 2146 691 2203 temporis
726 2145 1007 2202 longitudine
1060 2160 1083 2186 a
1123 2159 1201 2186 sua
1245 2142 1529 2185 institutione
1566 2141 1802 2193 desistant,

315 2231 396 2257 nec
423 2215 572 2273 aliqua
601 2214 759 2256 arduae
791 2214 911 2255 illius
950 2211 1303 2255 conversationis
1339 2210 1636 2253 diuturnitate
1654 2213 1807 2267 tepes-

319 2288 437 2326 cant,

377 2351 484 2393 Inde
505 2350 655 2404 etiam,
680 2357 802 2407 qua-‘7
828 2349 977 2391 nescio
1002 2347 1251 2400 occasione,
1286 2346 1505 2389 mirabilis
1539 2345 1624 2388 iste
1656 2345 1805 2387 Bruno

360 2473 391 2495 a.
415 2463 594 2504 Capitales
610 2463 648 2493 B.
669 2479 710 2484 ——-
730 2461 764 2492 b.
790 2471 829 2492 ac
844 2462 887 2492 D.
903 2470 982 2491 —c.
1000 2459 1168 2492 saeculari
1188 2460 1231 2491 D.
1248 2477 1288 2482 -
1307 2458 1341 2491 d.
1371 2458 1525 2501 scyphos
1546 2456 1592 2488 D.
1617 2473 1657 2480 -
1678 2464 1707 2488 e.
1726 2464 1808 2487 scu-

320 2505 423 2536 tellas
441 2505 484 2536 D.
504 2522 543 2527 —
560 2503 587 2544 f.
607 2503 717 2546 pretii
734 2503 778 2534 D.
795 2520 834 2526 —
851 2513 886 2543 9.
903 2502 1003 2534 Corr.
1022 2502 1065 2533 de
1083 2502 1110 2532 B
1125 2501 1174 2542 (et
1192 2501 1249 2542 D).
1269 2510 1341 2542 quo
1360 2500 1404 2531 X.

318 2644 459 2684 redigee
482 2643 585 2684 qu'en
604 2646 683 2674 1228
699 2642 897 2683 (imprimee
916 2651 959 2673 en
977 2641 1081 2682 1581).
1102 2640 1157 2671 On
1175 2642 1343 2671 trouvera
1361 2639 1457 2670 aussi
1481 2638 1653 2679 quelques
1677 2635 1806 2668 details

317 2686 405 2716 dans
432 2686 576 2717 Nicolas
612 2686 655 2715 de
682 2683 940 2724 Saint-Crepin,
967 2682 1045 2714 Vita
1071 2683 1103 2714 S.
1140 2680 1340 2722 Godefridi,
1370 2681 1433 2721 111,
1455 2690 1518 2711 vm
1540 2679 1640 2721 (dans
1667 2677 1805 2716 Surius,

324 2726 423 2758 Vitae
437 2727 507 2766 SS.,
526 2729 551 2758 t.
565 2727 625 2766 VI,
641 2736 674 2766 p.
691 2725 775 2766 205).

358 2771 386 2799 1.
413 2769 500 2799 Sans
518 2768 626 2799 doute
644 2766 847 2798 Guillaume
866 2766 921 2805 1³,
941 2766 1058 2797 comte
1073 2765 1116 2796 de
1128 2764 1264 2796 Nevers
1279 2766 1315 2796 et
1331 2763 1375 2795 de
1393 2763 1587 2802 Tonnerre,
1605 2762 1702 2793 mort
1721 2769 1807 2791 vers

318 2812 410 2841 1097.
