<?xml version="1.0" encoding="UTF-8"?>
<!DOCTYPE html PUBLIC "-//W3C//DTD XHTML 1.0 Transitional//EN"
    "http://www.w3.org/TR/xhtml1/DTD/xhtml1-transitional.dtd">
<html xmlns="http://www.w3.org/1999/xhtml" xml:lang="en" lang="en">
 <head>
  <title>
</title>
<meta http-equiv="Content-Type" content="text/html;charset=utf-8" />
  <meta name='ocr-system' content='tesseract 3.04.00' />
  <meta name='ocr-capabilities' content='ocr_page ocr_carea ocr_par ocr_line ocrx_word'/>
</head>
<body>
  <div class='ocr_page' id='page_1' title='image "./histoiredesavie100guibuoft_0161.png"; bbox 0 0 1930 3224; ppageno 0'>
   <div class='ocr_carea' id='block_1_1' title="bbox 590 240 1678 288">
    <p class='ocr_par' dir='ltr' id='par_1_1' title="bbox 590 240 1678 288">
     <span class='ocr_line' id='line_1_1' title="bbox 590 240 1678 288; baseline -0.006 0"><span class='ocrx_word' id='word_1_1' title='bbox 590 258 690 288; x_wconf 67' lang='lat' dir='ltr'>vnn.</span> <span class='ocrx_word' id='word_1_2' title='bbox 726 252 923 286; x_wconf 69' lang='lat' dir='ltr'>Gulssnnri</span> <span class='ocrx_word' id='word_1_3' title='bbox 955 256 1063 286; x_wconf 71' lang='lat' dir='ltr'>VITAE</span> <span class='ocrx_word' id='word_1_4' title='bbox 1094 255 1216 284; x_wconf 64' lang='lat' dir='ltr'>Lmen</span> <span class='ocrx_word' id='word_1_5' title='bbox 1250 255 1262 282; x_wconf 90' lang='lat'>1</span> <span class='ocrx_word' id='word_1_6' title='bbox 1624 240 1678 282; x_wconf 81' lang='lat'>87</span> 
     </span>
    </p>
   </div>
   <div class='ocr_carea' id='block_1_2' title="bbox 0 0 424 387">
    <p class='ocr_par' dir='ltr' id='par_1_2' title="bbox 0 0 424 387">
     <span class='ocr_line' id='line_1_2' title="bbox 0 0 424 387; baseline 0 0"><span class='ocrx_word' id='word_1_7' title='bbox 0 0 424 387; x_wconf 95' lang='lat' dir='ltr'>  </span> 
     </span>
    </p>
   </div>
   <div class='ocr_carea' id='block_1_3' title="bbox 172 353 1681 412">
    <p class='ocr_par' dir='ltr' id='par_1_3' title="bbox 58 336 1681 412">
     <span class='ocr_line' id='line_1_3' title="bbox 172 353 1681 412; baseline 0.004 -19.508"><span class='ocrx_word' id='word_1_8' title='bbox 172 358 343 404; x_wconf 63' lang='lat' dir='ltr'>frustra</span> <span class='ocrx_word' id='word_1_9' title='bbox 380 362 558 402; x_wconf 88' lang='lat' dir='ltr'>montes</span> <span class='ocrx_word' id='word_1_10' title='bbox 605 358 730 400; x_wconf 88' lang='lat' dir='ltr'>Deus</span> <span class='ocrx_word' id='word_1_11' title='bbox 781 360 860 398; x_wconf 86' lang='lat' dir='ltr'>aut</span> <span class='ocrx_word' id='word_1_12' title='bbox 901 354 1186 398; x_wconf 83' lang='lat' dir='ltr'>insensibilia</span> <span class='ocrx_word' id='word_1_13' title='bbox 1242 353 1450 412; x_wconf 88' lang='lat' dir='ltr'>percutit,</span> <span class='ocrx_word' id='word_1_14' title='bbox 1508 353 1587 395; x_wconf 89' lang='lat' dir='ltr'>sed</span> <span class='ocrx_word' id='word_1_15' title='bbox 1631 358 1681 395; x_wconf 82' lang='lat' dir='ltr'>ut</span> 
     </span>
    </p>
   </div>
   <div class='ocr_carea' id='block_1_4' title="bbox 0 387 110 3215">
    <p class='ocr_par' dir='ltr' id='par_1_4' title="bbox 0 387 110 3215">
     <span class='ocr_line' id='line_1_4' title="bbox 0 387 110 3215; baseline 0 0"><span class='ocrx_word' id='word_1_16' title='bbox 0 387 110 3215; x_wconf 95' lang='lat' dir='ltr'> </span> 
     </span>
    </p>
   </div>
   <div class='ocr_carea' id='block_1_5' title="bbox 66 422 1682 2755">
    <p class='ocr_par' dir='ltr' id='par_1_5' title="bbox 66 422 1682 2616">
     <span class='ocr_line' id='line_1_5' title="bbox 66 422 1682 492; baseline -0.006 -19"><span class='ocrx_word' id='word_1_17' title='bbox 66 437 106 451; x_wconf 56' lang='grc'>”</span> <span class='ocrx_word' id='word_1_18' title='bbox 153 439 200 492; x_wconf 53' lang='grc' dir='ltr'>ἐξ</span> <span class='ocrx_word' id='word_1_19' title='bbox 221 427 354 473; x_wconf 84' lang='lat' dir='ltr'>nobis</span> <span class='ocrx_word' id='word_1_20' title='bbox 371 431 587 487; x_wconf 80' lang='lat' dir='ltr'><strong>pensetur</strong></span> <span class='ocrx_word' id='word_1_21' title='bbox 606 425 743 484; x_wconf 90' lang='lat' dir='ltr'>quod,</span> <span class='ocrx_word' id='word_1_22' title='bbox 767 424 877 467; x_wconf 92' lang='lat' dir='ltr'>dum</span> <span class='ocrx_word' id='word_1_23' title='bbox 897 439 964 477; x_wconf 88' lang='lat' dir='ltr'>ea,</span> <span class='ocrx_word' id='word_1_24' title='bbox 988 440 1089 482; x_wconf 80' lang='lat' dir='ltr'>quae</span> <span class='ocrx_word' id='word_1_25' title='bbox 1110 438 1201 465; x_wconf 91' lang='lat' dir='ltr'>non</span> <span class='ocrx_word' id='word_1_26' title='bbox 1225 427 1429 480; x_wconf 88' lang='lat' dir='ltr'>peccant,</span> <span class='ocrx_word' id='word_1_27' title='bbox 1452 422 1517 464; x_wconf 89' lang='lat' dir='ltr'>sic</span> <span class='ocrx_word' id='word_1_28' title='bbox 1540 422 1682 479; x_wconf 89' lang='lat' dir='ltr'>impe-</span> 
     </span>
     <span class='ocr_line' id='line_1_6' title="bbox 170 490 1680 555; baseline -0.007 -14"><span class='ocrx_word' id='word_1_29' title='bbox 170 497 246 551; x_wconf 76' lang='lat' dir='ltr'>tit,</span> <span class='ocrx_word' id='word_1_30' title='bbox 274 511 491 555; x_wconf 82' lang='lat' dir='ltr'>magnum</span> <span class='ocrx_word' id='word_1_31' title='bbox 505 494 665 554; x_wconf 86' lang='lat' dir='ltr'>judicii</span> <span class='ocrx_word' id='word_1_32' title='bbox 691 493 935 536; x_wconf 82' lang='lat' dir='ltr'><strong>discrimen</strong></span> <span class='ocrx_word' id='word_1_33' title='bbox 968 491 1260 550; x_wconf 83' lang='lat' dir='ltr'>peccantibus</span> <span class='ocrx_word' id='word_1_34' title='bbox 1294 490 1508 545; x_wconf 76' lang='lat' dir='ltr'>intendit,</span> <span class='ocrx_word' id='word_1_35' title='bbox 1535 491 1680 533; x_wconf 83' lang='lat' dir='ltr'>nutri-</span> 
     </span>
     <span class='ocr_line' id='line_1_7' title="bbox 170 559 1680 623; baseline -0.007 -12"><span class='ocrx_word' id='word_1_36' title='bbox 170 573 402 623; x_wconf 61' lang='lat' dir='ltr'>&#39;eem‘i&#39;pro</span> <span class='ocrx_word' id='word_1_37' title='bbox 425 563 633 622; x_wconf 86' lang='lat' dir='ltr'>exemplo</span> <span class='ocrx_word' id='word_1_38' title='bbox 663 562 878 615; x_wconf 88' lang='lat' dir='ltr'>inferens,</span> <span class='ocrx_word' id='word_1_39' title='bbox 908 577 1009 620; x_wconf 81' lang='lat' dir='ltr'>quae</span> <span class='ocrx_word' id='word_1_40' title='bbox 1029 560 1148 603; x_wconf 87' lang='lat' dir='ltr'>fuste</span> <span class='ocrx_word' id='word_1_41' title='bbox 1175 565 1342 603; x_wconf 90' lang='lat' dir='ltr'>terram</span> <span class='ocrx_word' id='word_1_42' title='bbox 1371 559 1593 612; x_wconf 85' lang='lat' dir='ltr'>verberat,</span> <span class='ocrx_word' id='word_1_43' title='bbox 1630 564 1680 601; x_wconf 90' lang='lat' dir='ltr'>ut</span> 
     </span>
     <span class='ocr_line' id='line_1_8' title="bbox 167 631 1180 690; baseline -0.005 -12"><span class='ocrx_word' id='word_1_44' title='bbox 167 633 448 678; x_wconf 79' lang='lat' dir='ltr'>infantulum</span> <span class='ocrx_word' id='word_1_45' title='bbox 467 632 524 676; x_wconf 86' lang='lat' dir='ltr'>ab</span> <span class='ocrx_word' id='word_1_46' title='bbox 542 631 887 690; x_wconf 82' lang='lat' dir='ltr'>importunitate</span> <span class='ocrx_word' id='word_1_47' title='bbox 905 634 1180 687; x_wconf 85' lang='lat' dir='ltr'>compescat.</span> 
     </span>
     <span class='ocr_line' id='line_1_9' title="bbox 146 696 1679 756; baseline -0.007 -9"><span class='ocrx_word' id='word_1_48' title='bbox 146 739 158 748; x_wconf 89' lang='lat'>.</span> <span class='ocrx_word' id='word_1_49' title='bbox 192 700 197 701; x_wconf 39' lang='lat'><em>⁷</em></span> <span class='ocrx_word' id='word_1_50' title='bbox 231 701 456 746; x_wconf 85' lang='lat' dir='ltr'>Praeteriit</span> <span class='ocrx_word' id='word_1_51' title='bbox 482 716 570 754; x_wconf 87' lang='lat' dir='ltr'>me,</span> <span class='ocrx_word' id='word_1_52' title='bbox 594 700 703 742; x_wconf 92' lang='lat' dir='ltr'>dum</span> <span class='ocrx_word' id='word_1_53' title='bbox 726 700 781 742; x_wconf 89' lang='lat' dir='ltr'>de</span> <span class='ocrx_word' id='word_1_54' title='bbox 798 698 934 756; x_wconf 88' lang='lat' dir='ltr'>priori</span> <span class='ocrx_word' id='word_1_55' title='bbox 948 698 1195 740; x_wconf 86' lang='lat' dir='ltr'>infortunio</span> <span class='ocrx_word' id='word_1_56' title='bbox 1219 697 1443 755; x_wconf 83' lang='lat' dir='ltr'>loquerer,</span> <span class='ocrx_word' id='word_1_57' title='bbox 1469 696 1524 738; x_wconf 95' lang='lat' dir='ltr'>de</span> <span class='ocrx_word' id='word_1_58' title='bbox 1543 696 1679 739; x_wconf 91' lang='lat' dir='ltr'>trium</span> 
     </span>
     <span class='ocr_line' id='line_1_10' title="bbox 170 764 1680 828; baseline -0.006 -13"><span class='ocrx_word' id='word_1_59' title='bbox 170 770 355 815; x_wconf 82' lang='lat' dir='ltr'>illorum</span> <span class='ocrx_word' id='word_1_60' title='bbox 389 770 468 828; x_wconf 88' lang='lat' dir='ltr'>qui</span> <span class='ocrx_word' id='word_1_61' title='bbox 510 768 734 828; x_wconf 87' lang='lat' dir='ltr'>perempti</span> <span class='ocrx_word' id='word_1_62' title='bbox 763 772 870 810; x_wconf 90' lang='lat' dir='ltr'>sunt</span> <span class='ocrx_word' id='word_1_63' title='bbox 904 767 1107 809; x_wconf 91' lang='lat' dir='ltr'>moribus</span> <span class='ocrx_word' id='word_1_64' title='bbox 1145 766 1284 824; x_wconf 92' lang='lat' dir='ltr'>loqui.</span> <span class='ocrx_word' id='word_1_65' title='bbox 1320 766 1419 808; x_wconf 92' lang='lat' dir='ltr'>Duo</span> <span class='ocrx_word' id='word_1_66' title='bbox 1455 764 1680 823; x_wconf 88' lang='lat' dir='ltr'>siquidem</span> 
     </span>
     <span class='ocr_line' id='line_1_11' title="bbox 170 835 1679 892; baseline -0.006 -9"><span class='ocrx_word' id='word_1_67' title='bbox 170 839 332 883; x_wconf 86' lang='lat' dir='ltr'>novitii</span> <span class='ocrx_word' id='word_1_68' title='bbox 349 839 428 882; x_wconf 89' lang='lat' dir='ltr'>vix</span> <span class='ocrx_word' id='word_1_69' title='bbox 441 843 543 882; x_wconf 88' lang='lat' dir='ltr'>octo</span> <span class='ocrx_word' id='word_1_70' title='bbox 567 838 614 880; x_wconf 93' lang='lat' dir='ltr'>in</span> <span class='ocrx_word' id='word_1_71' title='bbox 631 836 974 885; x_wconf 80' lang='lat' dir='ltr'>conversatione</span> <span class='ocrx_word' id='word_1_72' title='bbox 1007 850 1186 877; x_wconf 87' lang='lat' dir='ltr'>menses</span> <span class='ocrx_word' id='word_1_73' title='bbox 1209 835 1524 892; x_wconf 88' lang='lat' dir='ltr'>impleverant,</span> <span class='ocrx_word' id='word_1_74' title='bbox 1564 849 1679 892; x_wconf 89' lang='lat' dir='ltr'>quo-</span> 
     </span>
     <span class='ocr_line' id='line_1_12' title="bbox 169 902 1676 970; baseline -0.006 -18"><span class='ocrx_word' id='word_1_75' title='bbox 169 924 272 952; x_wconf 83' lang='lat' dir='ltr'>rum</span> <span class='ocrx_word' id='word_1_76' title='bbox 289 909 406 970; x_wconf 76' lang='lat' dir='ltr'>alter</span> <span class='ocrx_word' id='word_1_77' title='bbox 424 906 508 950; x_wconf 89' lang='lat' dir='ltr'>sub</span> <span class='ocrx_word' id='word_1_78' title='bbox 529 906 677 950; x_wconf 88' lang='lat' dir='ltr'>colore</span> <span class='ocrx_word' id='word_1_79' title='bbox 697 903 936 963; x_wconf 84' lang='lat' dir='ltr'>gravitatis</span> <span class='ocrx_word' id='word_1_80' title='bbox 958 904 1110 946; x_wconf 92' lang='lat' dir='ltr'>minus</span> <span class='ocrx_word' id='word_1_81' title='bbox 1136 903 1257 961; x_wconf 87' lang='lat' dir='ltr'>apud</span> <span class='ocrx_word' id='word_1_82' title='bbox 1279 918 1326 945; x_wconf 86' lang='lat' dir='ltr'>se</span> <span class='ocrx_word' id='word_1_83' title='bbox 1344 902 1534 945; x_wconf 90' lang='lat' dir='ltr'>idoneus</span> <span class='ocrx_word' id='word_1_84' title='bbox 1565 906 1676 955; x_wconf 87' lang='lat' dir='ltr'>erat,</span> 
     </span>
     <span class='ocr_line' id='line_1_13' title="bbox 168 973 1679 1031; baseline -0.005 -8"><span class='ocrx_word' id='word_1_85' title='bbox 168 980 283 1023; x_wconf 70' lang='lat' dir='ltr'>alter</span> <span class='ocrx_word' id='word_1_86' title='bbox 297 979 390 1022; x_wconf 79' lang='lat' dir='ltr'>sub</span> <span class='ocrx_word' id='word_1_87' title='bbox 409 979 500 1022; x_wconf 89' lang='lat' dir='ltr'>levi</span> <span class='ocrx_word' id='word_1_88' title='bbox 523 977 790 1021; x_wconf 82' lang='lat' dir='ltr'>habitudine</span> <span class='ocrx_word' id='word_1_89' title='bbox 817 977 880 1019; x_wconf 89' lang='lat' dir='ltr'>nil</span> <span class='ocrx_word' id='word_1_90' title='bbox 902 976 1039 1018; x_wconf 87' lang='lat' dir='ltr'>nimis</span> <span class='ocrx_word' id='word_1_91' title='bbox 1064 975 1230 1017; x_wconf 87' lang='lat' dir='ltr'>odibile</span> <span class='ocrx_word' id='word_1_92' title='bbox 1256 974 1383 1016; x_wconf 90' lang='lat' dir='ltr'>intus</span> <span class='ocrx_word' id='word_1_93' title='bbox 1402 974 1522 1031; x_wconf 93' lang='lat' dir='ltr'>quod</span> <span class='ocrx_word' id='word_1_94' title='bbox 1545 973 1679 1016; x_wconf 87' lang='lat' dir='ltr'>scire-</span> 
     </span>
     <span class='ocr_line' id='line_1_14' title="bbox 168 1042 1679 1105; baseline -0.005 -13"><span class='ocrx_word' id='word_1_95' title='bbox 168 1064 270 1092; x_wconf 87' lang='lat' dir='ltr'>mus</span> <span class='ocrx_word' id='word_1_96' title='bbox 300 1046 510 1091; x_wconf 88' lang='lat' dir='ltr'>habebat.</span> <span class='ocrx_word' id='word_1_97' title='bbox 542 1047 618 1098; x_wconf 91' lang='lat' dir='ltr'>Hi,</span> <span class='ocrx_word' id='word_1_98' title='bbox 639 1046 783 1105; x_wconf 86' lang='lat' dir='ltr'>pridie</span> <span class='ocrx_word' id='word_1_99' title='bbox 811 1060 950 1104; x_wconf 90' lang='lat' dir='ltr'>quam</span> <span class='ocrx_word' id='word_1_100' title='bbox 979 1047 1257 1102; x_wconf 87' lang='lat' dir='ltr'>paterentur,</span> <span class='ocrx_word' id='word_1_101' title='bbox 1292 1043 1488 1085; x_wconf 88' lang='lat' dir='ltr'>multum</span> <span class='ocrx_word' id='word_1_102' title='bbox 1516 1042 1600 1084; x_wconf 89' lang='lat' dir='ltr'>sub</span> <span class='ocrx_word' id='word_1_103' title='bbox 1628 1057 1679 1084; x_wconf 85' lang='lat' dir='ltr'>ea</span> 
     </span>
     <span class='ocr_line' id='line_1_15' title="bbox 169 1110 1679 1177; baseline -0.005 -17"><span class='ocrx_word' id='word_1_104' title='bbox 169 1133 306 1177; x_wconf 89' lang='lat' dir='ltr'>quam</span> <span class='ocrx_word' id='word_1_105' title='bbox 335 1116 430 1159; x_wconf 83' lang='lat' dir='ltr'>dixi</span> <span class='ocrx_word' id='word_1_106' title='bbox 461 1116 722 1158; x_wconf 88' lang='lat' dir='ltr'>diversitate</span> <span class='ocrx_word' id='word_1_107' title='bbox 747 1131 795 1157; x_wconf 90' lang='lat' dir='ltr'>se</span> <span class='ocrx_word' id='word_1_108' title='bbox 813 1118 1063 1172; x_wconf 80' lang='lat' dir='ltr'>gesserant,</span> <span class='ocrx_word' id='word_1_109' title='bbox 1095 1128 1226 1154; x_wconf 89' lang='lat' dir='ltr'>mane</span> <span class='ocrx_word' id='word_1_110' title='bbox 1253 1112 1406 1163; x_wconf 89' lang='lat' dir='ltr'>etiam,</span> <span class='ocrx_word' id='word_1_111' title='bbox 1436 1127 1525 1169; x_wconf 89' lang='lat' dir='ltr'>quo</span> <span class='ocrx_word' id='word_1_112' title='bbox 1547 1110 1679 1153; x_wconf 69' lang='lat' dir='ltr'>haecb</span> 
     </span>
     <span class='ocr_line' id='line_1_16' title="bbox 166 1180 1676 1244; baseline -0.006 -14"><span class='ocrx_word' id='word_1_113' title='bbox 166 1186 471 1244; x_wconf 85' lang='lat' dir='ltr'>contigerunt,</span> <span class='ocrx_word' id='word_1_114' title='bbox 488 1200 593 1228; x_wconf 86' lang='lat' dir='ltr'>cum</span> <span class='ocrx_word' id='word_1_115' title='bbox 610 1183 798 1226; x_wconf 90' lang='lat' dir='ltr'>tonitrui</span> <span class='ocrx_word' id='word_1_116' title='bbox 824 1198 959 1225; x_wconf 88' lang='lat' dir='ltr'>voces</span> <span class='ocrx_word' id='word_1_117' title='bbox 984 1182 1060 1224; x_wconf 93' lang='lat' dir='ltr'>ille</span> <span class='ocrx_word' id='word_1_118' title='bbox 1085 1181 1286 1223; x_wconf 83' lang='lat' dir='ltr'>exterius</span> <span class='ocrx_word' id='word_1_119' title='bbox 1315 1180 1430 1222; x_wconf 86' lang='lat' dir='ltr'>levis</span> <span class='ocrx_word' id='word_1_120' title='bbox 1457 1180 1676 1231; x_wconf 83' lang='lat' dir='ltr'>audisset,</span> 
     </span>
     <span class='ocr_line' id='line_1_17' title="bbox 166 1248 1678 1309; baseline -0.006 -11"><span class='ocrx_word' id='word_1_121' title='bbox 166 1255 307 1298; x_wconf 86' lang='lat' dir='ltr'>verba</span> <span class='ocrx_word' id='word_1_122' title='bbox 329 1253 492 1297; x_wconf 81' lang='lat' dir='ltr'>exinde</span> <span class='ocrx_word' id='word_1_123' title='bbox 518 1253 667 1296; x_wconf 83' lang='lat' dir='ltr'>dicere</span> <span class='ocrx_word' id='word_1_124' title='bbox 688 1251 877 1294; x_wconf 88' lang='lat' dir='ltr'>ridicula</span> <span class='ocrx_word' id='word_1_125' title='bbox 895 1251 1047 1309; x_wconf 81' lang='lat' dir='ltr'>coepit,</span> <span class='ocrx_word' id='word_1_126' title='bbox 1073 1249 1319 1307; x_wconf 87' lang='lat' dir='ltr'>statimque</span> <span class='ocrx_word' id='word_1_127' title='bbox 1340 1250 1516 1291; x_wconf 85' lang='lat' dir='ltr'>intrans</span> <span class='ocrx_word' id='word_1_128' title='bbox 1538 1248 1678 1290; x_wconf 83' lang='lat' dir='ltr'>eccle-</span> 
     </span>
     <span class='ocr_line' id='line_1_18' title="bbox 166 1317 1677 1380; baseline -0.005 -13"><span class='ocrx_word' id='word_1_129' title='bbox 166 1323 286 1367; x_wconf 67' lang='lat' dir='ltr'>siam</span> <span class='ocrx_word' id='word_1_130' title='bbox 314 1323 458 1366; x_wconf 84' lang='lat' dir='ltr'>ictum</span> <span class='ocrx_word' id='word_1_131' title='bbox 485 1322 619 1365; x_wconf 90' lang='lat' dir='ltr'>illum</span> <span class='ocrx_word' id='word_1_132' title='bbox 646 1336 783 1380; x_wconf 90' lang='lat' dir='ltr'>quem</span> <span class='ocrx_word' id='word_1_133' title='bbox 812 1320 912 1362; x_wconf 89' lang='lat' dir='ltr'>risit</span> <span class='ocrx_word' id='word_1_134' title='bbox 942 1319 1134 1377; x_wconf 81' lang='lat' dir='ltr'>excepit.</span> <span class='ocrx_word' id='word_1_135' title='bbox 1170 1319 1234 1360; x_wconf 90' lang='lat' dir='ltr'>At</span> <span class='ocrx_word' id='word_1_136' title='bbox 1267 1318 1428 1360; x_wconf 87' lang='lat' dir='ltr'>tertius</span> <span class='ocrx_word' id='word_1_137' title='bbox 1456 1317 1677 1359; x_wconf 85' lang='lat' dir='ltr'>vocabulo</span> 
     </span>
     <span class='ocr_line' id='line_1_19' title="bbox 169 1385 1677 1449; baseline -0.006 -13"><span class='ocrx_word' id='word_1_138' title='bbox 169 1391 413 1445; x_wconf 77' lang='lat' dir='ltr'>R&#39;obertus,</span> <span class='ocrx_word' id='word_1_139' title='bbox 442 1391 520 1449; x_wconf 86' lang='lat' dir='ltr'>qui</span> <span class='ocrx_word' id='word_1_140' title='bbox 554 1395 599 1444; x_wconf 85' lang='lat' dir='ltr'>et</span> <span class='ocrx_word' id='word_1_141' title='bbox 634 1390 681 1432; x_wconf 90' lang='lat' dir='ltr'>in</span> <span class='ocrx_word' id='word_1_142' title='bbox 714 1389 880 1432; x_wconf 83' lang='lat' dir='ltr'>saeculo</span> <span class='ocrx_word' id='word_1_143' title='bbox 913 1388 1137 1431; x_wconf 88' lang='lat' dir='ltr'>Columba</span> <span class='ocrx_word' id='word_1_144' title='bbox 1167 1386 1589 1444; x_wconf 78' lang='lat' dir='ltr'>cognominabatur,</span> <span class='ocrx_word' id='word_1_145' title='bbox 1620 1385 1677 1428; x_wconf 94' lang='lat' dir='ltr'>ob</span> 
     </span>
     <span class='ocr_line' id='line_1_20' title="bbox 167 1455 1677 1518; baseline -0.005 -14"><span class='ocrx_word' id='word_1_146' title='bbox 167 1461 391 1505; x_wconf 84' lang='lat' dir='ltr'>sinceram</span> <span class='ocrx_word' id='word_1_147' title='bbox 416 1474 556 1518; x_wconf 88' lang='lat' dir='ltr'>quam</span> <span class='ocrx_word' id='word_1_148' title='bbox 578 1457 772 1501; x_wconf 87' lang='lat' dir='ltr'>habebat</span> <span class='ocrx_word' id='word_1_149' title='bbox 790 1457 1148 1515; x_wconf 86' lang='lat' dir='ltr'>simplicitatem,</span> <span class='ocrx_word' id='word_1_150' title='bbox 1171 1456 1357 1514; x_wconf 85' lang='lat' dir='ltr'>juvenis</span> <span class='ocrx_word' id='word_1_151' title='bbox 1383 1459 1491 1497; x_wconf 84' lang='lat' dir='ltr'>tunc</span> <span class='ocrx_word' id='word_1_152' title='bbox 1519 1455 1677 1513; x_wconf 84' lang='lat' dir='ltr'>primis</span> 
     </span>
     <span class='ocr_line' id='line_1_21' title="bbox 165 1524 1677 1588; baseline -0.005 -15"><span class='ocrx_word' id='word_1_153' title='bbox 165 1529 297 1588; x_wconf 87' lang='lat' dir='ltr'>genis</span> <span class='ocrx_word' id='word_1_154' title='bbox 319 1527 688 1587; x_wconf 86' lang='lat' dir='ltr'>pubescentibus,</span> <span class='ocrx_word' id='word_1_155' title='bbox 719 1527 766 1569; x_wconf 92' lang='lat' dir='ltr'>in</span> <span class='ocrx_word' id='word_1_156' title='bbox 792 1526 917 1568; x_wconf 91' lang='lat' dir='ltr'>omni</span> <span class='ocrx_word' id='word_1_157' title='bbox 943 1525 1153 1583; x_wconf 88' lang='lat' dir='ltr'>cognitus</span> <span class='ocrx_word' id='word_1_158' title='bbox 1179 1525 1435 1577; x_wconf 86' lang='lat' dir='ltr'>honestate,</span> <span class='ocrx_word' id='word_1_159' title='bbox 1464 1524 1511 1565; x_wconf 87' lang='lat' dir='ltr'>in</span> <span class='ocrx_word' id='word_1_160' title='bbox 1535 1524 1677 1566; x_wconf 91' lang='lat' dir='ltr'>eccle-</span> 
     </span>
     <span class='ocr_line' id='line_1_22' title="bbox 165 1592 1675 1652; baseline -0.006 -10"><span class='ocrx_word' id='word_1_161' title='bbox 165 1598 349 1642; x_wconf 86' lang='lat' dir='ltr'>siastico</span> <span class='ocrx_word' id='word_1_162' title='bbox 369 1613 421 1640; x_wconf 87' lang='lat' dir='ltr'>ac</span> <span class='ocrx_word' id='word_1_163' title='bbox 446 1596 644 1640; x_wconf 82' lang='lat' dir='ltr'>fraterno</span> <span class='ocrx_word' id='word_1_164' title='bbox 659 1595 807 1638; x_wconf 86' lang='lat' dir='ltr'>officio</span> <span class='ocrx_word' id='word_1_165' title='bbox 828 1599 1065 1652; x_wconf 83' lang='lat' dir='ltr'>tantopere</span> <span class='ocrx_word' id='word_1_166' title='bbox 1088 1598 1182 1636; x_wconf 89' lang='lat' dir='ltr'>erat</span> <span class='ocrx_word' id='word_1_167' title='bbox 1195 1593 1433 1651; x_wconf 86' lang='lat' dir='ltr'>expeditus</span> <span class='ocrx_word' id='word_1_168' title='bbox 1457 1598 1502 1635; x_wconf 90' lang='lat' dir='ltr'>et</span> <span class='ocrx_word' id='word_1_169' title='bbox 1517 1592 1675 1645; x_wconf 88' lang='lat' dir='ltr'>solers,</span> 
     </span>
     <span class='ocr_line' id='line_1_23' title="bbox 165 1661 1678 1724; baseline -0.005 -14"><span class='ocrx_word' id='word_1_170' title='bbox 165 1672 217 1712; x_wconf 83' lang='lat' dir='ltr'>ut</span> <span class='ocrx_word' id='word_1_171' title='bbox 255 1666 453 1710; x_wconf 85' lang='lat' dir='ltr'>vicarius</span> <span class='ocrx_word' id='word_1_172' title='bbox 498 1680 612 1724; x_wconf 91' lang='lat' dir='ltr'>pene</span> <span class='ocrx_word' id='word_1_173' title='bbox 655 1664 857 1722; x_wconf 81' lang='lat' dir='ltr'>quotidie</span> <span class='ocrx_word' id='word_1_174' title='bbox 889 1662 1094 1705; x_wconf 92' lang='lat' dir='ltr'>omnium</span> <span class='ocrx_word' id='word_1_175' title='bbox 1139 1662 1393 1704; x_wconf 86' lang='lat' dir='ltr'>haberetur.</span> <span class='ocrx_word' id='word_1_176' title='bbox 1446 1661 1678 1718; x_wconf 83' lang='lat' dir='ltr'>Attigerat</span> 
     </span>
     <span class='ocr_line' id='line_1_24' title="bbox 163 1729 1677 1792; baseline -0.007 -12"><span class='ocrx_word' id='word_1_177' title='bbox 163 1740 318 1779; x_wconf 84' lang='lat' dir='ltr'>autem</span> <span class='ocrx_word' id='word_1_178' title='bbox 337 1739 383 1778; x_wconf 87' lang='lat' dir='ltr'>et</span> <span class='ocrx_word' id='word_1_179' title='bbox 402 1734 517 1778; x_wconf 91' lang='lat' dir='ltr'>bene</span> <span class='ocrx_word' id='word_1_180' title='bbox 533 1733 894 1792; x_wconf 79' lang='lat' dir='ltr'>grammaticam.</span> <span class='ocrx_word' id='word_1_181' title='bbox 919 1733 962 1774; x_wconf 92' lang='lat' dir='ltr'>Is</span> <span class='ocrx_word' id='word_1_182' title='bbox 983 1731 1208 1773; x_wconf 87' lang='lat' dir='ltr'>matutina</span> <span class='ocrx_word' id='word_1_183' title='bbox 1236 1730 1313 1772; x_wconf 86' lang='lat' dir='ltr'>illa</span> <span class='ocrx_word' id='word_1_184' title='bbox 1335 1730 1459 1784; x_wconf 89' lang='lat' dir='ltr'>hora,</span> <span class='ocrx_word' id='word_1_185' title='bbox 1491 1746 1591 1788; x_wconf 77' lang='lat' dir='ltr'>quae</span> <span class='ocrx_word' id='word_1_186' title='bbox 1615 1729 1677 1771; x_wconf 91' lang='lat' dir='ltr'>ibi</span> 
     </span>
     <span class='ocr_line' id='line_1_25' title="bbox 162 1799 1672 1858; baseline -0.005 -10"><span class='ocrx_word' id='word_1_187' title='bbox 162 1804 347 1848; x_wconf 81' lang='lat' dir='ltr'>fovebat</span> <span class='ocrx_word' id='word_1_188' title='bbox 366 1803 574 1856; x_wconf 88' lang='lat' dir='ltr'>exitium,</span> <span class='ocrx_word' id='word_1_189' title='bbox 598 1818 701 1845; x_wconf 92' lang='lat' dir='ltr'>cum</span> <span class='ocrx_word' id='word_1_190' title='bbox 723 1818 794 1844; x_wconf 90' lang='lat' dir='ltr'>me</span> <span class='ocrx_word' id='word_1_191' title='bbox 810 1805 1088 1858; x_wconf 84' lang='lat' dir='ltr'>surgentem,</span> <span class='ocrx_word' id='word_1_192' title='bbox 1113 1804 1163 1842; x_wconf 90' lang='lat' dir='ltr'>ut</span> <span class='ocrx_word' id='word_1_193' title='bbox 1182 1799 1344 1842; x_wconf 87' lang='lat' dir='ltr'>solitus</span> <span class='ocrx_word' id='word_1_194' title='bbox 1366 1803 1477 1849; x_wconf 86' lang='lat' dir='ltr'>erat,</span> <span class='ocrx_word' id='word_1_195' title='bbox 1499 1814 1672 1855; x_wconf 81' lang='lat' dir='ltr'>praeve-</span> 
     </span>
     <span class='ocr_line' id='line_1_26' title="bbox 163 1867 1676 1928; baseline -0.006 -11"><span class='ocrx_word' id='word_1_196' title='bbox 163 1873 308 1916; x_wconf 90' lang='lat' dir='ltr'>nisset</span> <span class='ocrx_word' id='word_1_197' title='bbox 333 1873 379 1915; x_wconf 90' lang='lat' dir='ltr'>in</span> <span class='ocrx_word' id='word_1_198' title='bbox 395 1873 595 1916; x_wconf 88' lang='lat' dir='ltr'>claustro</span> <span class='ocrx_word' id='word_1_199' title='bbox 617 1871 789 1918; x_wconf 85' lang='lat' dir='ltr'>sedere,</span> <span class='ocrx_word' id='word_1_200' title='bbox 815 1869 1089 1928; x_wconf 85' lang='lat' dir='ltr'>significavit</span> <span class='ocrx_word' id='word_1_201' title='bbox 1116 1868 1226 1910; x_wconf 92' lang='lat' dir='ltr'>mihi</span> <span class='ocrx_word' id='word_1_202' title='bbox 1257 1867 1379 1925; x_wconf 89' lang='lat' dir='ltr'>quod</span> <span class='ocrx_word' id='word_1_203' title='bbox 1413 1867 1676 1925; x_wconf 87' lang='lat' dir='ltr'>ingentibus</span> 
     </span>
     <span class='ocr_line' id='line_1_27' title="bbox 160 1935 1673 2000; baseline -0.006 -14"><span class='ocrx_word' id='word_1_204' title='bbox 160 1947 207 1986; x_wconf 85' lang='lat' dir='ltr'>et</span> <span class='ocrx_word' id='word_1_205' title='bbox 230 1942 405 2000; x_wconf 87' lang='lat' dir='ltr'>reliquo</span> <span class='ocrx_word' id='word_1_206' title='bbox 432 1956 619 1999; x_wconf 89' lang='lat' dir='ltr'>corpore</span> <span class='ocrx_word' id='word_1_207' title='bbox 646 1940 825 1996; x_wconf 86' lang='lat' dir='ltr'>magnis</span> <span class='ocrx_word' id='word_1_208' title='bbox 856 1937 1090 1980; x_wconf 91' lang='lat' dir='ltr'>doloribus</span> <span class='ocrx_word' id='word_1_209' title='bbox 1118 1942 1376 1993; x_wconf 84' lang='lat' dir='ltr'>angeretur,</span> <span class='ocrx_word' id='word_1_210' title='bbox 1413 1941 1457 1978; x_wconf 89' lang='lat' dir='ltr'>et</span> <span class='ocrx_word' id='word_1_211' title='bbox 1481 1935 1673 1978; x_wconf 89' lang='lat' dir='ltr'>subinde</span> 
     </span>
     <span class='ocr_line' id='line_1_28' title="bbox 162 2004 1671 2067; baseline -0.005 -13"><span class='ocrx_word' id='word_1_212' title='bbox 162 2014 445 2054; x_wconf 83' lang='lat' dir='ltr'>commotum</span> <span class='ocrx_word' id='word_1_213' title='bbox 467 2008 753 2067; x_wconf 85' lang='lat' dir='ltr'>respectabat</span> <span class='ocrx_word' id='word_1_214' title='bbox 773 2008 829 2050; x_wconf 89' lang='lat' dir='ltr'>ad</span> <span class='ocrx_word' id='word_1_215' title='bbox 853 2023 1020 2060; x_wconf 89' lang='lat' dir='ltr'>aerem,</span> <span class='ocrx_word' id='word_1_216' title='bbox 1041 2022 1095 2049; x_wconf 88' lang='lat' dir='ltr'>ex</span> <span class='ocrx_word' id='word_1_217' title='bbox 1127 2022 1217 2064; x_wconf 88' lang='lat' dir='ltr'>quo</span> <span class='ocrx_word' id='word_1_218' title='bbox 1238 2011 1282 2048; x_wconf 91' lang='lat' dir='ltr'>et</span> <span class='ocrx_word' id='word_1_219' title='bbox 1318 2021 1423 2047; x_wconf 89' lang='lat' dir='ltr'>mox</span> <span class='ocrx_word' id='word_1_220' title='bbox 1444 2004 1671 2047; x_wconf 87' lang='lat' dir='ltr'>occubuit.</span> 
     </span>
     <span class='ocr_line' id='line_1_29' title="bbox 152 2074 1671 2132; baseline -0.005 -9"><span class='ocrx_word' id='word_1_221' title='bbox 152 2079 280 2123; x_wconf 84' lang='lat' dir='ltr'>&#39;Ecce</span> <span class='ocrx_word' id='word_1_222' title='bbox 297 2083 402 2122; x_wconf 88' lang='lat' dir='ltr'>ante</span> <span class='ocrx_word' id='word_1_223' title='bbox 428 2078 605 2121; x_wconf 87' lang='lat' dir='ltr'>ruinam</span> <span class='ocrx_word' id='word_1_224' title='bbox 622 2093 698 2120; x_wconf 89' lang='lat' dir='ltr'>cor</span> <span class='ocrx_word' id='word_1_225' title='bbox 724 2077 905 2119; x_wconf 91' lang='lat' dir='ltr'>illorum</span> <span class='ocrx_word' id='word_1_226' title='bbox 930 2076 1123 2118; x_wconf 89' lang='lat' dir='ltr'>duorum</span> <span class='ocrx_word' id='word_1_227' title='bbox 1142 2074 1442 2128; x_wconf 85' lang='lat' dir='ltr'>exaltabatur,</span> <span class='ocrx_word' id='word_1_228' title='bbox 1464 2090 1671 2132; x_wconf 89' lang='lat' dir='ltr'>quorum,</span> 
     </span>
     <span class='ocr_line' id='line_1_30' title="bbox 162 2142 1672 2204; baseline -0.005 -12"><span class='ocrx_word' id='word_1_229' title='bbox 162 2154 214 2192; x_wconf 92' lang='lat' dir='ltr'>ut</span> <span class='ocrx_word' id='word_1_230' title='bbox 231 2148 477 2201; x_wconf 82' lang='lat' dir='ltr'>credimus,</span> <span class='ocrx_word' id='word_1_231' title='bbox 508 2147 552 2189; x_wconf 90' lang='lat' dir='ltr'>in</span> <span class='ocrx_word' id='word_1_232' title='bbox 596 2147 680 2189; x_wconf 90' lang='lat' dir='ltr'>Dei</span> <span class='ocrx_word' id='word_1_233' title='bbox 698 2145 870 2204; x_wconf 89' lang='lat' dir='ltr'>judicio</span> <span class='ocrx_word' id='word_1_234' title='bbox 893 2145 1094 2188; x_wconf 88' lang='lat' dir='ltr'>severior</span> <span class='ocrx_word' id='word_1_235' title='bbox 1124 2160 1227 2186; x_wconf 86' lang='lat' dir='ltr'>mox</span> <span class='ocrx_word' id='word_1_236' title='bbox 1263 2148 1359 2186; x_wconf 87' lang='lat' dir='ltr'>erat</span> <span class='ocrx_word' id='word_1_237' title='bbox 1396 2142 1544 2185; x_wconf 88' lang='lat' dir='ltr'>futura</span> <span class='ocrx_word' id='word_1_238' title='bbox 1574 2159 1672 2185; x_wconf 86' lang='lat' dir='ltr'>sen-</span> 
     </span>
     <span class='ocr_line' id='line_1_31' title="bbox 163 2212 1675 2274; baseline -0.005 -13"><span class='ocrx_word' id='word_1_239' title='bbox 163 2217 307 2261; x_wconf 85' lang='lat' dir='ltr'>tentia</span> <span class='ocrx_word' id='word_1_240' title='bbox 330 2231 340 2271; x_wconf 79' lang='lat'><em>3</em></span> <span class='ocrx_word' id='word_1_241' title='bbox 366 2215 556 2274; x_wconf 89' lang='lat' dir='ltr'>gloriam</span> <span class='ocrx_word' id='word_1_242' title='bbox 585 2230 692 2258; x_wconf 82' lang='lat' dir='ltr'>vero</span> <span class='ocrx_word' id='word_1_243' title='bbox 723 2215 770 2256; x_wconf 92' lang='lat' dir='ltr'>in</span> <span class='ocrx_word' id='word_1_244' title='bbox 802 2215 890 2257; x_wconf 89' lang='lat' dir='ltr'>isto</span> <span class='ocrx_word' id='word_1_245' title='bbox 924 2212 1208 2272; x_wconf 78' lang='lat' dir='ltr'>praecedebat</span> <span class='ocrx_word' id='word_1_246' title='bbox 1244 2212 1494 2265; x_wconf 80' lang='lat' dir='ltr'>humilitas,</span> <span class='ocrx_word' id='word_1_247' title='bbox 1526 2212 1596 2253; x_wconf 92' lang='lat' dir='ltr'>cui</span> <span class='ocrx_word' id='word_1_248' title='bbox 1631 2217 1675 2254; x_wconf 92' lang='lat' dir='ltr'>et</span> 
     </span>
     <span class='ocr_line' id='line_1_32' title="bbox 162 2280 1669 2342; baseline -0.004 -13"><span class='ocrx_word' id='word_1_249' title='bbox 162 2286 284 2329; x_wconf 91' lang='lat' dir='ltr'>illico</span> <span class='ocrx_word' id='word_1_250' title='bbox 309 2285 424 2328; x_wconf 89' lang='lat' dir='ltr'>nulli</span> <span class='ocrx_word' id='word_1_251' title='bbox 441 2284 648 2337; x_wconf 91' lang='lat' dir='ltr'>dubium,</span> <span class='ocrx_word' id='word_1_252' title='bbox 673 2283 781 2342; x_wconf 89' lang='lat' dir='ltr'>quin</span> <span class='ocrx_word' id='word_1_253' title='bbox 802 2283 956 2325; x_wconf 89' lang='lat' dir='ltr'>divina</span> <span class='ocrx_word' id='word_1_254' title='bbox 983 2282 1097 2324; x_wconf 88' lang='lat' dir='ltr'>soret</span> <span class='ocrx_word' id='word_1_255' title='bbox 1132 2297 1364 2324; x_wconf 83' lang='lat' dir='ltr'>accessura</span> <span class='ocrx_word' id='word_1_256' title='bbox 1397 2280 1669 2324; x_wconf 77' lang='lat' dir='ltr'>sublimitas.</span> 
     </span>
     <span class='ocr_line' id='line_1_33' title="bbox 158 2350 1671 2408; baseline -0.005 -10"><span class='ocrx_word' id='word_1_257' title='bbox 158 2355 274 2399; x_wconf 81' lang='lat' dir='ltr'>Nam</span> <span class='ocrx_word' id='word_1_258' title='bbox 305 2353 484 2397; x_wconf 89' lang='lat' dir='ltr'>cuidam</span> <span class='ocrx_word' id='word_1_259' title='bbox 514 2369 621 2396; x_wconf 88' lang='lat' dir='ltr'>mox</span> <span class='ocrx_word' id='word_1_260' title='bbox 656 2353 907 2395; x_wconf 87' lang='lat' dir='ltr'>revelatum</span> <span class='ocrx_word' id='word_1_261' title='bbox 935 2356 1019 2404; x_wconf 89' lang='lat' dir='ltr'>est,</span> <span class='ocrx_word' id='word_1_262' title='bbox 1043 2351 1148 2408; x_wconf 89' lang='lat' dir='ltr'>quia</span> <span class='ocrx_word' id='word_1_263' title='bbox 1184 2350 1230 2392; x_wconf 88' lang='lat' dir='ltr'>hi</span> <span class='ocrx_word' id='word_1_264' title='bbox 1266 2355 1360 2392; x_wconf 84' lang='lat' dir='ltr'>tres</span> <span class='ocrx_word' id='word_1_265' title='bbox 1393 2350 1586 2391; x_wconf 85' lang='lat' dir='ltr'>Romam</span> <span class='ocrx_word' id='word_1_266' title='bbox 1616 2350 1671 2391; x_wconf 91' lang='lat' dir='ltr'>ad</span> 
     </span>
     <span class='ocr_line' id='line_1_34' title="bbox 160 2418 1669 2479; baseline -0.005 -12"><span class='ocrx_word' id='word_1_267' title='bbox 160 2423 381 2467; x_wconf 87' lang='lat' dir='ltr'>Sanctum</span> <span class='ocrx_word' id='word_1_268' title='bbox 405 2423 591 2466; x_wconf 89' lang='lat' dir='ltr'>Petrum</span> <span class='ocrx_word' id='word_1_269' title='bbox 603 2421 771 2479; x_wconf 84' lang='lat' dir='ltr'>pariter</span> <span class='ocrx_word' id='word_1_270' title='bbox 787 2420 1156 2478; x_wconf 88' lang='lat' dir='ltr'>commigrarent,</span> <span class='ocrx_word' id='word_1_271' title='bbox 1176 2420 1255 2462; x_wconf 90' lang='lat' dir='ltr'>sed</span> <span class='ocrx_word' id='word_1_272' title='bbox 1276 2420 1365 2462; x_wconf 91' lang='lat' dir='ltr'>duo</span> <span class='ocrx_word' id='word_1_273' title='bbox 1383 2418 1669 2471; x_wconf 87' lang='lat' dir='ltr'>umbratiles,</span> 
     </span>
     <span class='ocr_line' id='line_1_35' title="bbox 160 2487 1672 2551; baseline -0.004 -16"><span class='ocrx_word' id='word_1_274' title='bbox 160 2496 206 2535; x_wconf 87' lang='lat' dir='ltr'>et</span> <span class='ocrx_word' id='word_1_275' title='bbox 227 2491 306 2551; x_wconf 87' lang='lat' dir='ltr'>qui</span> <span class='ocrx_word' id='word_1_276' title='bbox 336 2491 408 2534; x_wconf 85' lang='lat' dir='ltr'>vix</span> <span class='ocrx_word' id='word_1_277' title='bbox 429 2491 573 2533; x_wconf 88' lang='lat' dir='ltr'>videri</span> <span class='ocrx_word' id='word_1_278' title='bbox 596 2494 802 2548; x_wconf 87' lang='lat' dir='ltr'>possent,</span> <span class='ocrx_word' id='word_1_279' title='bbox 826 2489 989 2532; x_wconf 84' lang='lat' dir='ltr'>tertius</span> <span class='ocrx_word' id='word_1_280' title='bbox 1010 2489 1086 2531; x_wconf 90' lang='lat' dir='ltr'>ille</span> <span class='ocrx_word' id='word_1_281' title='bbox 1110 2487 1305 2541; x_wconf 83' lang='lat' dir='ltr'>albatus,</span> <span class='ocrx_word' id='word_1_282' title='bbox 1326 2493 1370 2530; x_wconf 88' lang='lat' dir='ltr'>et</span> <span class='ocrx_word' id='word_1_283' title='bbox 1392 2487 1522 2530; x_wconf 88' lang='lat' dir='ltr'>solita</span> <span class='ocrx_word' id='word_1_284' title='bbox 1545 2503 1672 2545; x_wconf 86' lang='lat' dir='ltr'>saga—</span> 
     </span>
     <span class='ocr_line' id='line_1_36' title="bbox 161 2557 1038 2616; baseline -0.005 -12"><span class='ocrx_word' id='word_1_285' title='bbox 161 2561 298 2604; x_wconf 87' lang='lat' dir='ltr'>citate</span> <span class='ocrx_word' id='word_1_286' title='bbox 314 2560 451 2603; x_wconf 85' lang='lat' dir='ltr'>vivax</span> <span class='ocrx_word' id='word_1_287' title='bbox 471 2575 523 2602; x_wconf 86' lang='lat' dir='ltr'>ac</span> <span class='ocrx_word' id='word_1_288' title='bbox 548 2559 731 2601; x_wconf 86' lang='lat' dir='ltr'>mobilis</span> <span class='ocrx_word' id='word_1_289' title='bbox 754 2557 1038 2616; x_wconf 86' lang='lat' dir='ltr'>properabat.</span> 
     </span>
    </p>

    <p class='ocr_par' dir='ltr' id='par_1_6' title="bbox 160 2625 1671 2755">
     <span class='ocr_line' id='line_1_37' title="bbox 220 2625 1671 2687; baseline -0.004 -15"><span class='ocrx_word' id='word_1_290' title='bbox 220 2629 431 2672; x_wconf 87' lang='lat' dir='ltr'>Accessit</span> <span class='ocrx_word' id='word_1_291' title='bbox 453 2633 558 2687; x_wconf 89' lang='lat' dir='ltr'>post</span> <span class='ocrx_word' id='word_1_292' title='bbox 575 2628 748 2685; x_wconf 88' lang='lat' dir='ltr'>aliquot</span> <span class='ocrx_word' id='word_1_293' title='bbox 775 2642 918 2669; x_wconf 90' lang='lat' dir='ltr'>annos</span> <span class='ocrx_word' id='word_1_294' title='bbox 936 2626 1030 2684; x_wconf 89' lang='lat' dir='ltr'>jam</span> <span class='ocrx_word' id='word_1_295' title='bbox 1058 2627 1219 2668; x_wconf 89' lang='lat' dir='ltr'>horum</span> <span class='ocrx_word' id='word_1_296' title='bbox 1245 2626 1399 2668; x_wconf 92' lang='lat' dir='ltr'>oblitis</span> <span class='ocrx_word' id='word_1_297' title='bbox 1433 2630 1476 2667; x_wconf 86' lang='lat' dir='ltr'>et</span> <span class='ocrx_word' id='word_1_298' title='bbox 1503 2625 1671 2667; x_wconf 81' lang='lat' dir='ltr'>securi-</span> 
     </span>
     <span class='ocr_line' id='line_1_38' title="bbox 160 2689 1669 2755; baseline -0.005 -14"><span class='ocrx_word' id='word_1_299' title='bbox 160 2701 254 2741; x_wconf 79' lang='lat' dir='ltr'>tate</span> <span class='ocrx_word' id='word_1_300' title='bbox 294 2689 580 2755; x_wconf 78' lang='lat' dir='ltr'>torpentibus</span> <span class='ocrx_word' id='word_1_301' title='bbox 615 2696 751 2739; x_wconf 85' lang='lat' dir='ltr'>tertia</span> <span class='ocrx_word' id='word_1_302' title='bbox 790 2696 1022 2738; x_wconf 90' lang='lat' dir='ltr'>correctio.</span> <span class='ocrx_word' id='word_1_303' title='bbox 1053 2695 1077 2738; x_wconf 91' lang='lat' dir='ltr'>J</span> <span class='ocrx_word' id='word_1_304' title='bbox 1082 2711 1152 2737; x_wconf 90' lang='lat' dir='ltr'>am</span> <span class='ocrx_word' id='word_1_305' title='bbox 1188 2694 1244 2737; x_wconf 87' lang='lat' dir='ltr'>ab</span> <span class='ocrx_word' id='word_1_306' title='bbox 1287 2694 1472 2736; x_wconf 79' lang='lat' dir='ltr'>ecclesia</span> <span class='ocrx_word' id='word_1_307' title='bbox 1515 2693 1669 2735; x_wconf 84' lang='lat' dir='ltr'>eadem</span> 
     </span>
    </p>
   </div>
   <div class='ocr_carea' id='block_1_6' title="bbox 204 2817 1012 2853">
    <p class='ocr_par' dir='ltr' id='par_1_7' title="bbox 204 2817 1012 2853">
     <span class='ocr_line' id='line_1_39' title="bbox 204 2817 1012 2853; baseline -0.002 -2"><span class='ocrx_word' id='word_1_308' title='bbox 204 2830 237 2853; x_wconf 77' lang='lat' dir='ltr'>a.</span> <span class='ocrx_word' id='word_1_309' title='bbox 265 2819 441 2851; x_wconf 76' lang='lat' dir='ltr'>natricem</span> <span class='ocrx_word' id='word_1_310' title='bbox 460 2819 503 2850; x_wconf 87' lang='lat' dir='ltr'>D.</span> <span class='ocrx_word' id='word_1_311' title='bbox 520 2837 561 2841; x_wconf 89' lang='lat'>—</span> <span class='ocrx_word' id='word_1_312' title='bbox 584 2818 618 2850; x_wconf 86' lang='lat' dir='ltr'>b.</span> <span class='ocrx_word' id='word_1_313' title='bbox 638 2818 739 2849; x_wconf 88' lang='lat' dir='ltr'>Corr.</span> <span class='ocrx_word' id='word_1_314' title='bbox 761 2818 804 2849; x_wconf 84' lang='lat' dir='ltr'>dc</span> <span class='ocrx_word' id='word_1_315' title='bbox 825 2818 868 2849; x_wconf 87' lang='lat' dir='ltr'>D.</span> <span class='ocrx_word' id='word_1_316' title='bbox 887 2817 952 2848; x_wconf 81' lang='lat' dir='ltr'>hac</span> <span class='ocrx_word' id='word_1_317' title='bbox 971 2817 1012 2849; x_wconf 89' lang='lat' dir='ltr'>B.</span> 
     </span>
    </p>
   </div>
  </div>
 </body>
</html>
