1930 3224
287 230 371 273 206
688 243 786 272 VEN.
824 244 1017 273 cumam-1
1050 245 1156 273 vn'AE
1188 246 1307 274 LIBER
1340 246 1383 275 111

860 395 1080 453 [CAPUT
1113 397 1208 454 xv]

343 513 600 566 Antequam
625 512 775 550 autem
793 508 848 550 ad
871 508 1142 565 contigualia
1161 509 1468 563 devolvamur,
1492 510 1703 568 quoniam
1724 515 1768 554 et

283 578 337 620 de
364 578 629 620 Suessorum
651 575 917 633 quibusdam
937 576 1097 618 dicturi
1114 592 1284 629 sumus,
1304 577 1536 620 sciendum
1556 583 1640 632 est,
1661 579 1766 637 quia

284 661 416 702 super
429 659 583 686 omnes
610 643 804 685 Franciae
819 644 1072 700 provincias
1091 645 1410 687 Laudunenses
1433 645 1767 689 detestabiliora

282 718 436 770 agunt.
476 712 593 754 Nam
628 711 704 768 qui
743 711 1045 769 presbyteros,
1089 712 1365 770 episcopum,
1404 713 1765 757 archidiaconum

283 781 552 832 occiderant,
594 779 846 836 nuperrime
900 779 1034 822 etiam
1081 780 1420 823 solertissimam
1463 781 1762 836 foeminarum,

281 848 556 891 abbatissam
586 847 737 890 Sancti
775 847 975 900 Joannis,
1017 863 1179 905 genere
1223 848 1530 903 clarissimam,
1567 849 1765 892 ecclesiae

281 916 621 974 provectricem,
659 915 838 957 nomine
885 915 1192 969 Rainsendim,
1239 916 1549 960 Laudunensis
1594 918 1766 974 indige-

282 1000 403 1036 nam,
435 999 543 1026 suus
571 999 726 1025 servus
753 983 916 1026 occidit
939 983 969 1037 ¹,
994 984 1200 1042 quodque
1225 1000 1356 1042 passa
1377 991 1446 1028 est
1466 1001 1546 1043 pro
1568 985 1767 1028 ecclesiae

282 1053 369 1094 fide
391 1052 693 1094 consustinuit
709 1053 740 1093 2.
773 1050 905 1105 Quid,
936 1052 1057 1109 quod
1079 1052 1177 1112 ipsa
1203 1052 1388 1095 ecclesia
1416 1069 1505 1095 non
1531 1053 1718 1096 vacabat
1740 1069 1765 1096 a

281 1120 517 1177 sacrilegis
533 1121 582 1162 ³?
605 1119 713 1172 Quae
740 1125 890 1162 tamen
916 1120 1020 1177 quia
1049 1120 1223 1178 Regina
1249 1121 1450 1163 omnium
1473 1137 1563 1164 non
1589 1121 1768 1180 reliquit

280 1188 440 1242 inulta,
495 1187 628 1245 digne
673 1188 1000 1245 prosequimur.
1043 1188 1115 1230 Ab
1157 1188 1242 1241 his,
1262 1204 1372 1246 quos
1411 1189 1766 1232 matricularios3

280 1262 460 1309 vocant,
492 1256 569 1313 qui
605 1271 739 1313 gazas
779 1256 975 1298 ecclesiae
1013 1255 1276 1298 familiarius
1311 1256 1617 1311 asservabant,
1656 1272 1765 1300 vasa

281 1324 697 1381 ministeriicoepere
725 1323 928 1377 subduci,
950 1340 1048 1381 quae
1080 1329 1231 1366 tamen
1268 1325 1314 1366 in
1343 1325 1583 1383 magistros
1608 1341 1763 1368 eorum

279 1392 653 1450 retorquebantur
697 1392 897 1434 clericos.
931 1392 1070 1434 Erant
1108 1391 1238 1449 plane
1274 1393 1391 1436 laici.
1423 1393 1529 1436 Haec
1559 1394 1700 1452 primo
1735 1409 1759 1436 a

279 1460 564 1518 quibusdam.

338 1528 542 1571 Secundo
563 1528 744 1585 quidam
766 1528 981 1570 Ansellus
1008 1528 1143 1585 vulgo
1164 1528 1287 1570 urbis
1308 1529 1534 1582 oriendus,
1552 1529 1761 1572 immanis

279 1602 323 1639 et
354 1597 563 1649 rusticus,
606 1595 720 1637 infra
759 1596 853 1638 dies
889 1596 1112 1638 Dominici
1147 1597 1325 1650 natalis,
1355 1602 1457 1639 ante
1497 1597 1758 1652 matutinos,

278 1680 446 1718 cruces,
471 1664 647 1717 calices,
685 1680 814 1706 aurea
839 1679 1025 1721 quaeque
1052 1664 1298 1722 subripuit;
1329 1681 1518 1723 cumque
1545 1670 1646 1723 post
1681 1665 1763 1708 ali-

278 1738 386 1790 quot
407 1732 428 1759 l’
454 1738 633 1789 tempus
669 1732 875 1790 praerepti
902 1732 997 1774 auri
1023 1733 1267 1775 massulam
1293 1733 1559 1776 Suessonico
1588 1733 1762 1776 cuidam

278 1801 511 1843 mercatori
527 1800 929 1853 venumctulisset,
947 1805 991 1842 et
1011 1800 1179 1842 furtum
1206 1801 1474 1859 sacrilegum
1497 1801 1618 1860 quod
1645 1801 1762 1844 fece-

275 1875 358 1921 rat,
387 1868 672 1926 prodidisset,
695 1884 744 1910 ac
770 1873 1098 1911 sacramentum
1119 1869 1173 1910 ab
1198 1885 1248 1911 eo
1270 1885 1324 1911 ne
1348 1885 1394 1911 56
1411 1869 1615 1927 proderet
1637 1885 1762 1912 acce-

276 1937 433 1995 pisset,
472 1937 548 1978 ille
581 1936 761 1978 interim
800 1936 951 1978 damni
986 1936 1107 1978 illius
1142 1937 1344 1980 conscios
1378 1953 1458 1994 per
1495 1938 1759 1980 suessorum

276 2005 509 2062 parochias
539 2004 914 2046 excommunicari
942 2004 1133 2057 audivit;
1167 2005 1287 2062 quod
1322 2005 1360 2047 is
1396 2005 1758 2048 animadvertens

277 2073 543 2115 Laudunum
562 2073 696 2125 venit,
716 2088 807 2114 rem
823 2072 940 2113 clero
960 2072 1168 2129 prodidit.
1189 2071 1306 2123 Quid
1321 2073 1480 2130 plura?
1494 2073 1756 2116 Conventus

275 2140 350 2182 ille
366 2141 562 2198 negavit.
586 2141 644 2193 Is,
666 2145 818 2181 contra
837 2140 954 2182 datis
974 2140 1178 2192 vadibus,
1200 2140 1346 2182 bellod
1360 2157 1463 2183 eum
1475 2141 1757 2198 pugilaturus

275 2208 483 2266 impetiit,
520 2224 600 2250 nec
630 2208 704 2250 ille
741 2207 917 2250 distulit
933 2208 964 2251 4.
996 2208 1103 2250 Erat
1129 2213 1278 2250 autem
1306 2209 1554 2252 Dominica.
1585 2208 1758 2260 Quibus

316 2331 347 2352 a.
366 2319 571 2362 sacrilegsiis
586 2320 628 2351 D.
643 2338 681 2342 —
695 2319 729 2351 b.
750 2319 899 2362 aliquod
912 2321 955 2351 D.
970 2338 1009 2343 -
1028 2331 1056 2352 6.
1077 2320 1175 2352 Corr.
1195 2321 1238 2351 de
1258 2320 1298 2351 D.
1312 2307 1453 2352 voenum
1469 2321 1508 2352 B.
1521 2339 1562 2343 —
1575 2320 1608 2351 d.
1624 2321 1656 2351 D
1674 2330 1756 2361 pro-

277 2372 365 2403 pose
382 2362 416 2392 la
431 2362 635 2393 correction
655 2361 787 2393 duello.

318 2479 347 2506 1.
373 2475 611 2506 Anacoluthe.

316 2520 345 2547 2.
373 2516 540 2547 Raisinde
558 2518 702 2547 mourut
720 2517 752 2547 16
771 2521 788 2546 6
807 2518 891 2548 aout
908 2520 987 2547 1112
1007 2516 1112 2556 (Gall.
1131 2516 1278 2554 Christ„
1297 2518 1323 2547 t.
1345 2517 1405 2555 lX,
1420 2518 1488 2547 col.
1509 2517 1592 2557 593).

318 2562 346 2588 3.
372 2571 412 2585 Ξ
430 2558 682 2598 Marguilliers,
704 2568 947 2598 personnages
966 2559 1190 2589 constituant
1207 2558 1258 2588 les
1275 2558 1458 2598 fahriqucs
1479 2558 1541 2589 des
1564 2557 1703 2599 egliscs.

317 2601 344 2629 4.
373 2600 503 2631 Contre
523 2598 655 2639 l'usage
674 2600 720 2629 du
738 2599 819 2629 duel
833 2599 1035 2639 jndiciairc,
1055 2599 1221 2639 employe
1246 2609 1383 2630 comme
1408 2609 1539 2640 moyen
1562 2599 1605 2630 de
1621 2609 1756 2640 preuve

276 2641 388 2671 meme
407 2641 495 2671 dans
515 2642 565 2671 les
580 2650 706 2671 causes
721 2642 908 2680 purcment
927 2640 1218 2680 ecclc-siastiques
1246 2640 1362 2679 (ainsi,
1385 2650 1428 2670 en
1452 2643 1543 2679 1064,
1577 2642 1676 2671 entre
1703 2641 1755 2671 les

275 2681 434 2722 abbayes
453 2682 495 2711 (16
515 2681 748 2721 Saiut-Serge
764 2682 857 2712 etde
873 2682 1132 2720 Saint-Aubin3
1159 2692 1201 2712 en
1227 2685 1318 2714 1098.
1338 2683 1438 2712 entre
1457 2682 1565 2712 celles
1590 2683 1633 2713 de
1660 2682 1756 2713 Mar—

276 2723 461 2759 moutiers,
480 2723 523 2753 dc
540 2723 784 2754 Sainte-Croix
803 2724 845 2753 (lc
862 2723 1027 2754 Talmont
1043 2725 1078 2754 et
1093 2723 1136 2753 de
1163 2722 1414 2753 sainte-Mario
1432 2723 1632 2763 d'Anglcs),
1652 2723 1675 2754 il
1693 2733 1718 2764 y
1735 2733 1754 2754 a

275 2775 330 2797 cu.
347 2765 434 2795 dans
455 2764 609 2803 l'Eglise.
625 2774 672 2794 un
688 2764 781 2804 parti
796 2764 1005 2797 determine,
1026 2764 1132 2795 (16516
1152 2770 1199 2793 1x⁶
1215 2764 1536 2804 siecle,puisquele
1554 2764 1690 2795 concile
1708 2765 1753 2795 de

276 2806 442 2839 Valcnce,
465 2816 507 2836 cn
530 2808 599 2844 855,
618 2806 867 2836 lecondamne.
889 2806 978 2836 Mais
992 2806 1015 2836 il
1034 2806 1110 2836 saut
1128 2805 1292 2836 attendre
1310 2806 1342 2836 le
1363 2812 1426 2835 xn⁶
1446 2805 1554 2836 516616
1568 2815 1662 2846 pour
1675 2805 1754 2836 voir

274 2847 448 2878 Inuocent
473 2847 517 2886 11,
540 2856 582 2877 cn
607 2849 694 2886 1140,
711 2846 978 2887 desapprouver
995 2846 1259 2877 formellement
1275 2847 1368 2877 cette
1385 2847 1488 2877 mode
1506 2847 1548 2877 de
1564 2856 1708 2887 preuve.
