1930 3224
1658 0 1722 13 'mv

259 233 341 275 116
670 247 768 276 vssN.
805 247 998 275 GUlBERTl
1030 246 1136 275 v1TAE
1167 247 1287 274 LIBER
1319 247 1347 273 11

256 344 492 402 quillitatis
541 345 795 387 omnimoda
840 345 1148 402 desperatione
1187 344 1362 396 defecit,
1405 343 1527 401 justa
1559 343 1733 386 occasio

255 412 476 454 refutandi
497 418 750 470 pastoratus
771 428 818 454 se
839 412 1042 469 praebuit.
1074 412 1161 456 Ubi
1182 412 1301 454 enim
1316 427 1444 453 mens
1465 410 1734 468 emergenti-

254 480 339 523 bus
361 481 481 522 vitiis
507 481 797 538 inquietatur,
821 480 955 522 nimis
978 480 1168 538 turpiter
1194 480 1460 532 incursatur,
1489 494 1569 521 nec
1605 493 1734 521 mens

255 549 325 590 his
357 549 472 590 male
501 549 721 591 obcaecata
774 564 853 606 per
892 548 1218 591 confessionem
1263 548 1419 590 eadem
1467 547 1730 600 detestatur,

256 632 359 658 cum
391 633 437 659 se
470 632 620 675 regere
655 631 744 658 non
775 617 1004 674 praevalet,
1033 616 1155 673 juste
1193 631 1271 673 per
1302 615 1429 668 alios,
1459 615 1628 673 justius
1654 629 1735 672 per

257 685 450 742 seipsam
477 684 532 726 ab
548 684 737 726 aliorum
757 684 973 741 regimine
997 688 1184 726 arcetur.
1220 702 1240 723 »

315 752 423 804 Quae
444 768 548 809 ergo
570 752 834 809 exponendo
851 752 922 794 hic
943 752 1146 804 dixerim,
1169 752 1259 794 illic
1283 752 1417 794 latius
1427 750 1730 809 exhortanda,

256 825 299 862 et
337 820 555 878 exemplis
582 820 912 877 Scripturarum
939 820 1183 862 sententias
1207 819 1430 862 fulciendo
1451 818 1730 877 protulerim.

837 1038 1055 1091 [CAPUT
1082 1038 1156 1091 lv]

309 1178 372 1220 At
404 1178 615 1234 quoniam
654 1179 707 1220 de
735 1183 892 1230 matre,
920 1193 1055 1236 quam
1088 1177 1265 1230 bonam,
1300 1178 1417 1219 inter
1448 1177 1593 1219 omnia
1635 1193 1734 1235 quae

256 1239 562 1303 temporaliter
592 1246 785 1303 possedi,
825 1245 1076 1303 specialiter
1115 1246 1254 1287 solam
1294 1245 1444 1298 habui,
1475 1245 1620 1288 dicere
1640 1245 1735 1303 jam

257 1313 333 1356 diu
365 1314 615 1367 omisimus,
645 1314 832 1371 dignum
868 1318 952 1366 est,
998 1319 1048 1356 ut
1082 1313 1210 1356 bonae
1240 1313 1336 1370 ejus
1369 1313 1472 1355 vitae
1505 1313 1736 1356 meliorem

256 1383 390 1423 finem
416 1382 612 1424 breviter
636 1382 925 1438 attingamus.
967 1381 1081 1424 Cum
1101 1398 1333 1434 annorum,
1366 1386 1417 1425 ut
1447 1382 1544 1439 ipsa
1564 1380 1735 1443 fateba-

256 1454 344 1502 tur,
368 1465 456 1491 non
475 1449 707 1492 minimam
722 1450 1025 1507 pluralitatem
1040 1449 1223 1492 infracta
1246 1450 1383 1491 animi
1401 1449 1566 1492 virtute
1589 1453 1736 1491 trans-

256 1518 480 1567 cenderet,
506 1522 550 1560 et
570 1517 801 1560 fatiscente
822 1517 1084 1575 corpusculo
1110 1518 1367 1560 nullatenus
1394 1517 1438 1559 in
1460 1517 1555 1574 ejus
1577 1517 1736 1575 spiritu

256 1586 469 1627 orationis
505 1602 606 1627 cura
634 1586 915 1638 lentesceret,
943 1590 987 1628 et
1019 1586 1181 1628 toracis
1200 1594 1218 1612 ἃ
1247 1586 1507 1628 infirmitate
1530 1602 1556 1627 a
1577 1600 1735 1627 somno

257 1654 458 1711 depulsa,
498 1669 600 1696 cum
630 1654 818 1696 stridore
850 1653 1044 1696 mirabili
1079 1654 1233 1697 Jesum
1260 1654 1504 1695 Dominum
1530 1652 1736 1695 noctibus

256 1722 567 1778 centupliciter
603 1722 853 1780 replicaret,
896 1722 1077 1764 demum
1114 1721 1280 1763 morbis
1320 1722 1464 1764 evicta
1491 1720 1730 1764 decubuit.

256 1790 351 1847 Ego
375 1795 525 1832 autem
552 1795 595 1832 et
622 1790 755 1832 frater
781 1806 907 1832 meus
938 1795 1046 1832 tunc
1076 1790 1291 1847 temporis
1318 1789 1560 1846 agebamus
1593 1788 1735 1831 Novi-

255 1857 395 1914 genti,
449 1858 643 1910 biennio,
692 1859 738 1900 ni
791 1858 935 1910 fallor,
996 1862 1099 1900 ante
1155 1858 1267 1899 illud
1320 1858 1376 1899 ad
1425 1857 1735 1899 Flaviacenses

255 1925 600 1982 postliminium,
648 1924 767 1983 quod
806 1942 936 1983 supra
980 1926 1159 1983 quidem
1201 1925 1531 1977 meminimus¹,
1582 1925 1736 1967 incon-

256 1993 607 2036 siderantissime
670 1994 851 2052 quidem
922 1994 1104 2046 factum,
1175 1995 1267 2046 sed,
1328 2009 1378 2036 eo
1438 1998 1591 2035 autore
1660 1992 1736 2050 qui
1877 2007 1890 2023 ·

256 2061 384 2103 malis
412 2062 575 2103 nostris
601 2061 712 2103 bene
734 2062 887 2115 utitur,
924 2077 1191 2104 conversum
1220 2062 1265 2103 in
1301 2062 1443 2103 multo
1487 2060 1736 2118 prosperio-

255 2144 349 2171 rem
399 2145 533 2186 quam
585 2129 705 2171 credi
756 2134 907 2187 posset
954 2135 1192 2182 eventum3
1238 2129 1436 2187 pepercit
1475 2129 1595 2171 enim
1637 2127 1735 2184 ejus

255 2197 543 2239 teneritudini
567 2198 703 2250 Deus,
735 2214 789 2239 ne
810 2197 937 2254 jecur
959 2203 1192 2255 tantopere
1214 2199 1358 2240 Deum
1391 2212 1547 2239 amans
1577 2196 1735 2238 imme-

256 2265 391 2307 ritum
418 2265 552 2322 hujus
572 2265 784 2307 innobilis
806 2266 975 2308 reditus
997 2266 1144 2323 gladio
1163 2271 1430 2323 carperetur.

315 2333 456 2389 Igitur
478 2333 544 2374 illi
578 2334 803 2375 moriturae
835 2350 937 2376 cum
975 2350 1101 2376 meus
1124 2334 1336 2391 magister
1362 2331 1735 2390 lacrymabundus

255 2401 499 2454 assisteret,
527 2402 679 2444 intulit
709 2402 774 2443 illi
796 2416 804 2444 :
845 2421 864 2441 «
896 2403 1008 2444 Ecce
1034 2402 1114 2443 filii
1135 2401 1330 2444 dominib
1357 2401 1516 2443 remoti
1549 2402 1667 2452 sunt,
1692 2404 1737 2442 et

255 2475 304 2511 tu
339 2468 526 2512 forsitan
566 2485 682 2527 aegre
715 2469 842 2522 feres,
874 2475 918 2512 et
955 2470 1041 2527 ipsi
1078 2471 1256 2527 aegrius,
1281 2470 1318 2511 si
1365 2469 1428 2511 eis
1472 2467 1735 2511 absentibus

296 2592 327 2613 a.
349 2581 506 2613 thoracis
525 2582 618 2613 D.—
631 2581 665 2613 b.
685 2582 783 2613 Corr.
804 2582 846 2613 dc
862 2582 888 2612 B
908 2582 956 2623 (et
973 2582 1029 2623 D).
1051 2582 1136 2613 dum
1150 2582 1194 2614 X.

300 2734 325 2761 1.
351 2731 392 2761 Je
409 2740 453 2761 nc
468 2731 547 2761 vois
562 2741 624 2771 pas
642 2731 660 2761 a
676 2732 794 2770 quelle
812 2731 927 2771 partic
946 2731 989 2762 dc
1004 2741 1059 2762 ses
1077 2731 1266 2762 memoires
1279 2730 1431 2762 Guibert
1445 2731 1511 2762 fait
1523 2731 1566 2762 ici
1583 2730 1735 2762 allusion

255 2772 302 2811 (v.
324 2771 499 2811 l'Inlrod.,
516 2782 550 2812 p.
567 2783 658 2811 xnw,
675 2782 709 2803 n.
725 2772 769 2812 3).
