1930 3224
79 2629 87 2637 σ

0 2959 3 2962 ψ
0 2915 5 2941 ἡ-
0 2787 13 2906 --μ-ν-ν-η

589 257 689 287 vEN.
726 257 922 286 θυιΒΕιιΤι
955 257 1063 286 va
1095 257 1217 284 Lusca
1251 257 1296 284 ιιι
1611 242 1695 285 157

191 353 356 410 tiones,
379 372 480 415 quae
500 356 645 399 servis
669 355 812 414 infligi
845 355 1009 409 solent,
1043 355 1318 398 omnimodis
1350 354 1558 397 vacent1.
1599 355 1695 397 Hac

193 424 511 469 seredimendi
536 425 733 483 populus
751 424 985 467 occasione
1008 428 1233 481 suscepta,
1252 423 1483 471 maximos¹
1497 426 1566 465 tot
1589 438 1697 465 ava-

192 507 345 537 rorum
385 493 585 536 hiatibus
635 493 925 536 obstruendis
965 492 1141 550 argenti
1184 507 1371 549 aggeres
1405 491 1693 534 obdiderunt.

136 570 141 577 ‘
192 563 280 617 Qui
304 568 433 608 tanto
459 564 602 607 imbre
627 563 726 607 fuso
749 564 998 607 sereniores
1019 562 1200 616 redditi,
1235 579 1282 606 se
1306 563 1443 606 fidem
1469 563 1533 606 eis
1564 578 1699 622 super

189 632 279 676 isto
302 633 484 690 negotio
511 638 771 676 servaturos
799 633 1092 676 sacramentis
1115 632 1318 691 praebitis
1351 632 1649 674 firmaverunt
1661 631 1694 675 ²².

249 702 388 745 Facta
407 702 558 761 itaque
591 702 709 745 inter
735 703 922 755 clerum,
959 716 1168 759 proceres
1215 706 1259 744 et
1294 702 1516 758 populum
1551 700 1699 743 mutui

156 795 168 808 ·
189 770 402 829 adjutorii
459 769 786 828 conjuratione,
846 770 903 812 ab
960 770 1128 828 Anglis
1170 786 1275 813 cum
1326 769 1522 828 plurima
1567 768 1698 827 copia

189 839 411 882 remeavit
435 839 690 897 episcopus,
736 839 829 897 qui,
872 843 1030 881 contra
1063 838 1198 896 hujus
1226 838 1442 881 'auctores
1481 837 1699 880 novitatis
1731 886 1739 891 ,

189 911 358 962 motus,
393 907 691 966 aliquandiua
723 923 822 950 sese
859 907 915 950 ab
945 907 1055 950 urbe
1086 907 1325 950 continuit.
1350 908 1520 950 Tamen
1550 907 1697 964 plenae

191 975 340 1019 laudis
366 980 412 1019 et
437 976 593 1035 gloriae
619 976 738 1019 inter
764 976 914 1034 ipsum
947 981 992 1019 et
1031 976 1268 1021 Galterum
1307 975 1694 1029 archidiaconum,

191 1046 460 1106 complicem
503 1063 651 1101 suum,
710 1048 879 1090 obortae
925 1053 1031 1090 sunt
1085 1047 1355 1090 simultates.
1408 1046 1699 1105 Loquebatur

192 1115 533 1159 archidiaconus
596 1132 731 1174 super
775 1131 883 1159 nece
933 1116 1121 1160 Gerardi
1167 1117 1300 1159 valde
1343 1115 1609 1158 indecentia·
1644 1115 1699 1158 de

193 1184 406 1243 episcopo
439 1201 536 1228 suo.
583 1185 835 1243 Episcopus
874 1185 1026 1227 nescio
1065 1200 1166 1243 quae
1206 1201 1309 1227 cum
1348 1184 1524 1227 caeteris
1566 1199 1701 1241 super

193 1255 277 1299 hac
308 1271 356 1299 re
379 1255 542 1314 agebat
564 1270 572 1310 ;
601 1256 686 1299 hoc
711 1256 819 1310 scio,
846 1257 949 1315 quia
967 1272 1145 1299 mecum
1167 1256 1231 1299 sic
1250 1257 1303 1299 de
1323 1272 1375 1299 eo
1392 1256 1665 1315 querebatur
1687 1269 1696 1300 ε

196 1341 216 1364 «
236 1324 444 1379 Domine,
469 1324 692 1383 inquiens,
717 1325 848 1379 abba,
889 1325 927 1367 si
942 1325 1182 1383 contigerit
1203 1325 1442 1368 Galterum
1470 1324 1517 1367 in
1538 1324 1700 1383 quovis

193 1392 384 1436 concilio
402 1393 844 1452 aliquas'adversum
864 1409 936 1436 me
960 1398 1132 1436 motare
1154 1394 1481 1447 accusationes,
1503 1393 1701 1451 aequani-

194 1461 329 1505 miter
338 1477 396 1505 ne
411 1460 592 1505 feretis?
604 1462 763 1505 Nonne
779 1462 875 1520 ipse
889 1467 973 1515 est,
992 1462 1070 1520 qui
1082 1478 1134 1505 eo
1147 1466 1368 1520 tempore,
1384 1478 1473 1520 quo
1488 1478 1513 1504 a
1533 1461 1700 1504 vestris

193 1529 425 1588 digressus
435 1531 669 1574 monachis
681 1530 943 1573 Flaviacum
954 1531 1283 1584 concessistis3,
1306 1531 1436 1573 vobis
1457 1531 1503 1572 in
1518 1545 1700 1588 promp-

192 1603 243 1642 tu
259 1599 590 1653 blandiebatur,
623 1600 740 1642 clam
766 1599 1038 1643 moliebatur
1069 1600 1324 1654 dissidium,
1353 1599 1505 1658 palam
1535 1598 1701 1642 vestris

193 1666 502 1711 favorabiliter
521 1667 542 1695 ¹³
559 1658 770 1711 adnitens
793 1668 1014 1726 partibus,
1043 1673 1088 1711 et
1114 1684 1185 1711 me
1210 1674 1368 1711 contra
1396 1684 1478 1710 vos
1508 1668 1703 1710 latenter

193 1735 375 1779 irritans
393 1738 414 1780 ‘?
438 1754 459 1776 >›
486 1737 570 1779 His
589 1752 661 1779 me
685 1741 841 1779 contra
861 1736 1094 1780 funestum
1107 1737 1340 1780 hominem
1354 1735 1583 1779 alliciebat
1611 1752 1702 1779 ser-

193 1805 420 1860 monibus,
445 1805 650 1862 ejusdem
683 1805 1053 1863 ponderosissimi
1080 1810 1231 1848 reatus
1268 1806 1353 1848 sibi
1394 1805 1617 1859 conscius,
1656 1809 1702 1848 et

164 1873 170 1880 ’
192 1888 333 1931 penes
361 1874 564 1916 omniurn
590 1873 760 1931 judicia
791 1874 1122 1933 undecunquec
1145 1875 1410 1917 timidus‘ac
1443 1878 1697 1931 suspectus.

254 1942 371 1986 Cum
413 1942 553 2000 igitur
603 1943 650 1984 in
700 1958 777 1985 eos
825 1943 902 2002 qui
949 1942 1296 2001 conjuraverant
1332 1947 1377 1986 et
1422 1943 1470 1985 in
1519 1947 1701 1986 autores

193 2026 349 2054 eorum
368 2011 607 2054 inflexibili
624 2011 1015 2055 animadversione
1049 2017 1224 2055 motum
1260 2027 1307 2054 se
1343 2012 1530 2066 diceret,
1565 2027 1701 2053 voces

193 2079 379 2123 tandem
414 2080 712 2138 grandisonas
763 2080 914 2123 oblata
949 2085 1135 2139 repente
1180 2080 1357 2123 sedavit
1396 2080 1494 2123 auri
1541 2095 1702 2138 argen-

234 2201 266 2225 a.
283 2191 513 2236 aliquamdiu
529 2193 572 2225 D.
598 2211 637 2216 -
654 2192 689 2225 b.
710 2193 810 2225 Corr.
829 2194 873 2225 de
894 2193 936 2226 D.
954 2194 1171 2234 favoraliter·
1187 2194 1227 2225 B.
1246 2212 1288 2217 --
1305 2204 1334 2226 c.
1367 2193 1623 2235 undecumque
1652 2192 1698 2225 D.

194 2359 197 2362 ·
236 2345 264 2375 1.
292 2342 319 2374 11
337 2343 448 2375 serait
464 2342 678 2384 impossible
699 2343 925 2375 d'enumerer
941 2344 993 2375 les
1014 2344 1210 2376 historiens
1227 2345 1287 2385 qui
1306 2355 1344 2375 se
1370 2346 1454 2375 sont
1469 2344 1589 2375 servis
1605 2345 1649 2375 de
1668 2344 1702 2375 la

193 2383 384 2416 definition
403 2385 448 2416 de
469 2384 624 2416 Guibert
640 2385 685 2416 de
708 2385 852 2426 Nogent
875 2396 968 2426 pour
990 2386 1226 2418 caracteriser
1251 2387 1284 2417 la
1308 2387 1512 2417 revolution
1539 2396 1702 2417 commu-

194 2426 286 2458 nale.
306 2426 382 2458 Ellc
398 2437 441 2458 ne
459 2427 624 2458 contient
641 2427 816 2459 toutefois
830 2438 899 2468 quc
918 2427 1113 2459 l'esscntiel
1131 2429 1175 2459 <le
1190 2430 1287 2460 cette
1302 2428 1529 2459 revolution:
1544 2428 1702 2459 abonne-

194 2470 294 2500 ment
316 2468 360 2500 de
390 2468 424 2499 la
452 2468 549 2500 taille
578 2467 614 2500 et
637 2469 869 2500 codification
901 2470 964 2500 des
993 2470 1164 2501 amendes
1190 2470 1248 2510 (cf.
1274 2470 1312 2502 P.
1343 2470 1492 2505 Viollet,
1519 2469 1612 2500 Hist.
1639 2470 1701 2501 des

195 2508 325 2549 instit„
344 2513 370 2542 t.
394 2510 457 2549 111,
480 2513 571 2549 1903,
621 2535 628 2542 .
651 2514 701 2547 13,
724 2512 761 2542 et
782 2511 819 2542 L.
847 2511 1158 2549 Vanderkindere,
1178 2512 1225 2543 La
1244 2511 1371 2543 notion
1389 2511 1585 2553 juridique
1606 2511 1648 2542 de
1669 2511 1703 2542 la

194 2561 396 2591 commune,
409 2552 499 2583 dans
516 2520 617 2583 Bali.)
633 2552 675 2583 de
692 2551 826 2584 l'Acad.
845 2553 970 2593 royale
988 2553 1031 2584 cle
1050 2553 1240 2596 Belqique,
1259 2557 1350 2590 1906,
1367 2560 1404 2583 n⁰
1417 2555 1444 2586 4.
1461 2563 1494 2593 p.
1515 2556 1574 2583 193
1593 2554 1699 2594 sqq.).

235 2596 265 2624 2.
285 2593 340 2624 On
359 2594 414 2624 n'a
455 2595 611 2625 eut-etre
630 2604 693 2634 pas
712 2604 812 2624 assez
828 2594 955 2626 insiste
974 2605 1036 2626 sur
1053 2595 1085 2626 le
1100 2597 1244 2627 contrat
1259 2594 1703 2635 synallagmatiqucpasse

196 2643 288 2676 pour
322 2634 429 2667 l'etab
447 2636 622 2667 issement
639 2636 683 2666 de
710 2636 741 2667 la
766 2646 955 2667 commune
973 2637 1016 2668 dc
1035 2637 1145 2668 Laon.
1176 2637 1203 2668 ll
1231 2637 1290 2678 n'y
1317 2648 1335 2667 a
1360 2647 1402 2668 cn
1422 2638 1507 2667 cll'et
1524 2647 1593 2677 quc
1613 2637 1703 2668 trois

195 2677 327 2708 modes
353 2677 533 2718 possibles
557 2678 602 2709 de
631 2676 864 2709 l'institution
895 2680 1122 2710 communale
1142 2689 1149 2711 ε
1169 2679 1201 2710 la
1233 2679 1383 2716 revoltc,
1414 2679 1447 2709 la
1475 2678 1700 2717 concession,

195 2718 316 2750 sorcee
344 2728 390 2750 ou
418 2729 502 2757 non,
531 2729 595 2760 par
618 2718 802 2751 l'autorite
827 2719 1048 2760 superieure,
1074 2720 1170 2752 enfin
1194 2720 1350 2752 l'accord
1368 2721 1431 2751 des
1453 2721 1546 2751 deux
1568 2720 1702 2761 parties

196 2770 260 2791 sur
276 2770 323 2791 un
345 2762 444 2792 texte
468 2760 599 2793 donne.

239 2805 269 2834 3.
296 2801 351 2835 Cf.
374 2803 397 2834 l.
417 2802 460 2839 11,
477 2812 507 2834 c.
528 2813 574 2835 ιν.
