1930 3224
567 268 667 298 vm.
704 267 899 296 emmanu
931 267 1040 296 vmss
1071 266 1192 295 LIBER
1224 265 1238 294 1
1601 251 1656 295 59

157 376 295 430 quam
320 368 489 412 veritas
510 370 742 427 pateretur
764 381 883 424 saepe
907 366 1232 424 confingerem,
1268 363 1384 407 bone
1416 365 1556 417 Deus,
1585 365 1658 407 cui

154 437 210 482 de
235 436 447 480 omnibus
486 451 589 479 cura
629 439 715 488 est,
754 435 1025 478 ostendebas
1062 434 1149 477 ista
1182 432 1364 476 famulae
1405 437 1490 475 tuae
1514 432 1657 485 [matri

155 518 297 560 meae;
327 509 389 559 et,
417 505 464 548 in
493 519 807 564 quemcunque
823 511 841 530 ἃ
862 508 1031 547 statum
1065 518 1227 545 sanum
1247 502 1404 560 utique
1433 502 1507 544 vel
1533 500 1657 543 insa-

155 588 265 618 num
288 573 566 617 conscientia
588 573 740 615 labilis
765 572 1040 626 vertebatur,
1068 571 1292 614 visionem
1313 570 1517 629 ejusdem
1554 585 1656 627 spe-

156 643 249 687 cies
262 657 354 686 non
371 642 469 685 sine
485 646 580 696 tuo,
603 641 816 694 Domine,
829 641 999 698 judicio
1018 639 1306 699 sequebatur.
1322 640 1387 682 At
1405 638 1622 696 quoniam
1637 638 1656 665 ¹²

157 712 326 756 multas
351 726 482 755 curas
501 710 799 769 prohibentur
814 718 830 737 ⁰
851 710 980 768 sequi
1001 709 1194 762 somnia,
1219 713 1264 751 et
1284 723 1445 750 verum
1464 706 1656 766 “indubie

158 784 352 834 constat,
370 780 438 823 hae
456 783 608 823 tamen
624 795 741 822 curae
757 795 847 822 non
870 778 1069 822 avaritiae
1086 777 1272 820 aestibus
1287 776 1559 830 citabantur,
1577 777 1657 819 sed

158 852 215 893 eit
247 863 354 892 vera
383 848 551 892 interni
581 848 702 891 boni*
722 848 1010 891 aemulatione
1037 846 1319 890 creabantur.
1351 846 1461 888 Mox
1499 845 1654 902 igitur,

157 921 209 962 ut
247 910 628 976 piissimam-,ejus
660 922 860 960 mentem
899 917 1015 959 visio
1047 916 1304 974 importuna
1348 913 1581 972 tangebat,
1613 918 1657 956 et

158 986 275 1030 sicut
295 991 392 1030 erat
412 987 459 1029 in
473 986 642 1030 talibus
662 986 927 1029 exolvendis
944 984 1189 1028 admodum
1213 983 1394 1026 subtilis
1416 988 1460 1026 et
1480 983 1657 1042 perspi-

157 1070 256 1111 cax,
277 1081 337 1089 —
367 1071 475 1098 mox
499 1055 537 1110 d,
577 1061 629 1099 ut
658 1055 703 1098 id
735 1054 1011 1098 incommodi
1045 1069 1126 1096 suo
1157 1053 1242 1096 sibi
1270 1052 1445 1095 somnio
1477 1057 1658 1109 porten-

157 1139 259 1168 sum
291 1124 593 1178 intellexerat,
634 1125 777 1167 accito
801 1140 889 1177 me,
914 1139 1048 1182 super
1083 1138 1184 1165 meo
1215 1121 1382 1174 studio,
1410 1120 1518 1179 quid
1549 1136 1657 1178 age-

157 1208 269 1247 rem,
283 1193 393 1252 quid
409 1198 648 1237 tractarem
663 1193 783 1252 apud
804 1209 875 1235 me
897 1192 1112 1235 secretius
1131 1190 1356 1248 rogitabat
1370 1197 1399 1232 θ.
1427 1189 1527 1243 Cui,
1554 1205 1657 1232 cum

157 1262 221 1306 sic
244 1277 417 1305 morem
439 1277 660 1320 gererem,
689 1268 739 1305 ut
769 1262 809 1304 ei
836 1277 984 1304 meam
1019 1261 1279 1303 nullatenus
1306 1258 1657 1301 unanimitatem

157 1327 386 1389 negarem,
412 1331 562 1374 omnia
587 1332 663 1374 illa
685 1347 785 1389 quac
801 1331 1050 1373 secundum
1074 1334 1254 1372 tenores
1278 1327 1404 1387 quaef
1423 1327 1656 1370 audieram

157 1400 454 1454 somniorum,
471 1400 518 1443 in
533 1416 632 1459 quae
648 1401 895 1444 lentescere
910 1415 1039 1441 meus
1054 1398 1231 1456 animus
1244 1396 1499 1450 videbatur,
1517 1396 1658 1438 alacri

157 1468 438 1512 confessione
474 1469 740 1527 prodebam,
777 1474 837 1522 et,
879 1484 981 1511 cum
1020 1467 1078 1512 de
1119 1466 1395 1509 correctione
1432 1470 1653 1519 moneret,

155 1538 276 1581 veris
295 1537 497 1596 profecto
521 1538 676 1581 statim
700 1537 934 1581 affectibus
961 1536 1034 1579 id1
1065 1534 1361 1595 spondebam.

216 1600 340 1650 Deus
372 1622 520 1661 meus,
559 1612 729 1650 statum
766 1607 913 1659 illum,
952 1621 1087 1665 quem
1124 1604 1258 1647 modo
1290 1604 1455 1662 patior,
1487 1603 1656 1646 totiens

154 1679 224 1719 tot
248 1675 553 1734 significatum
573 1676 891 1734 aenigmatibus
914 1675 1011 1734 ipsa
1021 1674 1133 1716 mihi
1151 1673 1410 1716 enunciavit
1424 1680 1462 1726 9,
1480 1677 1524 1715 et
1536 1672 1657 1730 quod

154 1744 201 1787 in
230 1744 376 1803 Primo
400 1749 524 1788 statu
550 1750 733 1803 gestum
765 1749 842 1787 aut
871 1744 1121 1802 gerendum
1148 1746 1403 1800 putaverat,
1433 1742 1521 1784 hoc'
1545 1757 1656 1800 quo-

154 1812 264 1856 tidie
298 1813 415 1856 intra
459 1814 607 1856 cordis
643 1814 733 1857 mei
764 1813 1012 1872 penetralia
1049 1812 1257 1869 experior
1285 1815 1329 1854 et
1375 1810 1658 1868 contemplor

155 1881 350 1940 impleri.
377 1881 497 1935 Quin
524 1883 661 1926 etiam
687 1883 784 1941 ipse
813 1882 1030 1940 magister
1053 1896 1198 1934 meuS,
1228 1896 1332 1923 cum
1358 1879 1517 1922 eadem
1545 1879 1657 1921 mihi

157 1944 397 1994 solicitudo
410 1952 431 1979 '¹
448 1967 530 1994 suo
547 1951 810 1994 indesinens
829 1951 1046 2009 penderet
1064 1965 1088 1992 a
1110 1954 1305 2008 pectore,
1317 1948 1476 1991 multis
1494 1949 1658 2007 figura-

155 2034 257 2062 rum
285 2019 452 2073 modis,
484 2036 584 2080 quae
604 2036 686 2079 pro
713 2026 916 2079 tempore
947 2018 1227 2072 accidebant,
1257 2022 1302 2061 et
1327 2034 1427 2076 quae
1451 2033 1583 2076 porro
1611 2017 1657 2059 in

156 2087 359 2131 futurum
395 2094 613 2132 eventura
652 2088 844 2142 fuerant,
886 2094 930 2132 te
973 2087 1311 2140 manifestante,
1355 2086 1553 2131 videbat.
1582 2085 1656 2128 Ab

155 2161 348 2216 utroque
370 2150 510 2215 igitur
538 2159 652 2212 viro,
691 2158 773 2202 Dei
796 2173 1000 2210 munere,
1025 2157 1128 2199 hinc
1162 2156 1217 2199 ad
1245 2156 1523 2209 terrendum,
1553 2155 1656 2197 inde

155 2224 214 2269 ad
259 2225 555 2270 refovendum
594 2228 782 2270 adversa
812 2232 857 2270 et
903 2241 1119 2286 prospera
1168 2224 1483 2278 cantabantur,
1521 2229 1570 2267 ut
1613 2229 1658 2266 et

155 2295 343 2338 occultae
368 2295 660 2354 malignitati,
692 2295 860 2339 vellem
889 2295 1076 2348 nollem,
1105 2295 1211 2353 quia
1241 2298 1320 2337 tuo
1345 2294 1562 2336 miraculo
1591 2293 1656 2335 eis

154 2367 350 2418 tantum,
378 2364 456 2423 qui
483 2380 555 2408 me
582 2364 852 2423 diligebant,
889 2364 1202 2422 detegebatur,
1238 2379 1486 2421 parcerem,
1523 2367 1568 2406 et
1603 2362 1657 2404 de

154 2432 355 2476 melioris
379 2433 475 2492 spei
498 2433 773 2493 aliquotiens
797 2433 1124 2492 pollicitatione
1144 2433 1404 2491 gauderem.

198 2555 230 2578 a.
260 2555 527 2589 quemcumque
545 2546 590 2578 D.
618 2565 658 2569 —-
680 2546 716 2578 b.
739 2546 840 2578 Corr.
863 2547 907 2577 de
928 2546 972 2578 D.
995 2555 1105 2588 quam
1132 2546 1175 2578 X.
1195 2545 1258 2587 q—rn
1283 2544 1528 2576 interlineaire
1551 2544 1591 2575 B.
1619 2562 1659 2565 —

157 2596 187 2619 c.
214 2587 459 2629 perhibentur·
484 2588 528 2620 D.
557 2607 598 2611 —
621 2588 655 2621 d.
682 2589 713 2619 D
744 2589 866 2629 ajoute
896 2588 1057 2635 itt-quam.
1100 2607 1141 2610 ——
1173 2598 1202 2619 e.
1238 2588 1338 2618 Corr.
1367 2588 1412 2617 de
1447 2587 1491 2617 D.
1521 2585 1658 2627 recoyi-

157 2628 315 2703 {affingi}
332 2648 378 2703 B—
399 2629 427 2671 s.
444 2640 600 2672 manque
624 2630 669 2662 D.
688 2649 729 2653 ——
747 2640 784 2672 9.
804 2629 1008 2667 enuntzavil
1027 2630 1070 2662 D.
1089 2648 1130 2653 —
1159 2630 1194 2661 h.
1216 2628 1428 2661 sollicitudo
1447 2629 1491 2660 D.
1510 2628 1521 2659 l
1542 2628 1656 2658 inter-

257 2682 289 2703 1r
365 2696 373 2704 .

200 2829 231 2858 1.
255 2825 298 2858 Id
317 2824 527 2868 represente
547 2827 739 2859 correctio.
