1930 3224
202 251 257 295 86
607 263 706 293 VEN.
741 264 933 294 GUIBERTI
968 265 1076 294 v1TAE
1110 266 1230 294 LmEn
1261 266 1277 294 1

201 380 275 406 sos
289 364 510 422 pudendae
535 363 786 420 pubertatis
796 370 813 389 ’Ἰ
839 363 1049 416 adurens,
1074 363 1147 406 acb
1163 361 1429 407 ascellarum
1445 399 1454 417 ,
1477 379 1576 422 quae
1592 362 1697 407 sub—

201 432 348 474 hircos
364 432 613 484 nominant,
633 435 939 473 succrementa
956 432 1252 488 conflagrans,
1282 432 1468 490 pedules
1485 447 1535 475 ac
1550 431 1696 475 soleas

202 499 476 557 pertusando
502 515 578 556 per
605 502 801 540 extrema
830 499 1130 555 progreditur.

265 568 362 610 Dici
380 583 471 608 non
498 571 647 624 potest
674 582 810 624 quam
823 566 1096 623 judicialiter
1116 567 1162 609 in
1188 572 1417 610 momento
1447 567 1526 610 illo
1543 567 1698 610 coeles-

202 636 261 678 tis
278 635 516 692 disciplina
538 634 746 686 saevierit,
768 649 846 690 per
866 650 979 691 quos
1006 635 1260 677 anfractusc
1279 636 1366 678 huc
1384 635 1582 694 illucque
1607 635 1697 678 dis-

203 703 406 754 currerit,
431 703 538 759 quid
560 701 737 754 laeserit,
771 702 877 758 quid
905 702 1083 754 usserit,
1108 703 1216 760 quid
1242 703 1440 760 fregerit,
1472 708 1523 745 ut
1551 703 1698 746 simile

203 771 371 812 factum
393 771 437 811 in
467 770 649 821 Francia
672 773 823 810 nostra
840 785 972 811 nemo
994 774 1125 812 aetate
1151 770 1373 814 didicerit.
1397 770 1518 823 Vidi,
1553 771 1698 813 Deum

196 844 359 892 testor,
384 843 487 895 post
507 838 664 878 horam
686 852 771 894 qua
792 837 884 878 haec
903 837 1171 890 acciderant,
1202 838 1342 880 beatae
1366 838 1446 880 Dei
1458 838 1698 881 Genitricis

205 907 466 962 imaginem,
497 921 596 962 quae
618 904 729 946 infra
755 904 1016 947 crucifixum
1041 905 1205 958 stabat,
1245 906 1376 948 vultu
1406 907 1516 948 adeo
1543 906 1700 949 turbu-

206 974 327 1015 lento
352 979 395 1015 et
417 989 439 1014 a
469 973 601 1014 solita
629 973 867 1015 serenitate
892 978 1081 1026 mutato,
1102 979 1150 1016 ut
1171 974 1351 1030 penitus
1372 974 1558 1016 alterata
1576 974 1700 1016 vide-

206 1047 343 1083 retur.
372 1041 458 1092 Qui
487 1056 589 1082 cum
616 1056 714 1082 meo
749 1041 934 1082 intuitui
959 1057 1047 1082 non
1075 1042 1318 1096 crederem,
1336 1042 1430 1084 hacc
1451 1042 1547 1099 ipsa
1565 1041 1702 1084 etiam

210 1110 264 1151 ab
293 1109 394 1151 aliis
416 1113 570 1150 notata
592 1103 797 1164 cognovi.
823 1110 1068 1166 Postquam
1091 1114 1241 1151 autem
1262 1125 1286 1151 a
1316 1114 1514 1167 stupore,
1546 1109 1624 1167 qui
1647 1125 1702 1151 ex

211 1182 374 1219 eventu
396 1177 473 1218 illo
489 1177 724 1229 acciderat,
749 1177 995 1233 experrecti
1012 1193 1183 1229 sumus,
1209 1181 1252 1219 et
1266 1177 1544 1219 confessione
1568 1176 1700 1230 facta,

210 1245 318 1302 quid
346 1258 423 1301 pro
449 1245 640 1301 peccatis
668 1246 834 1286 nostris
853 1245 974 1301 passi
995 1261 1188 1297 eramuS,
1213 1261 1345 1302 supra
1373 1261 1508 1302 quam
1534 1245 1620 1288 dici
1646 1244 1702 1287 ab

211 1313 393 1354 homine
419 1317 579 1368 potest,
608 1312 760 1354 tristes
798 1328 985 1369 pensare
1021 1313 1256 1370 coepimus,
1292 1318 1336 1355 et
1363 1313 1521 1355 statuti
1555 1328 1579 1355 a
1607 1313 1701 1354 Deo

202 1385 363 1437 ‚contra
386 1380 520 1421 facies
542 1385 718 1422 nostras
742 1386 785 1421 et
813 1386 1019 1437 respectu
1043 1381 1419 1423 conscientiarum
1448 1385 1701 1423 nostrarum

211 1448 449 1489 didicimus
465 1463 600 1504 quam
618 1448 741 1504 juste
766 1449 1100 1504 pertulerimus,
1125 1449 1244 1491 illico
1262 1449 1346 1506 piae
1367 1449 1525 1491 Matris
1543 1448 1702 1491 faciem

211 1516 255 1557 in
293 1531 501 1557 serenum
529 1531 704 1557 versam
739 1516 950 1559 vidimus.
992 1516 1184 1559 Omnem
1211 1532 1317 1558 sane
1349 1517 1483 1559 fidem
1522 1520 1702 1574 superat

211 1583 339 1624 dolm
364 1588 407 1624 et
434 1583 592 1639 pudor,
616 1584 692 1641 qui
714 1585 756 1624 in
780 1584 908 1625 nobis
934 1584 1226 1641 aliquandiu‘l
1246 1585 1346 1627 fuit.

274 1651 383 1692 Post
412 1666 578 1707 paucos
609 1652 851 1694 admodum
890 1667 1046 1702 annos,
1080 1668 1182 1694 cum
1211 1652 1380 1710 hujus
1364 1668 1460 1710 Jim
1492 1651 1704 1694 memoria

217 1718 322 1760 facti
356 1719 558 1760 omnium
605 1735 717 1775 pene
751 1719 1064 1762 obliteraretur
1103 1720 1158 1761 ab
1200 1721 1365 1771 animo,
1411 1720 1555 1762 simile
1586 1721 1707 1762 Deus

219 1786 615 1828 commonitorium
654 1787 878 1844 repetivit,
922 1793 1108 1845 excepto
1149 1789 1268 1844 quod
1313 1788 1537 1830 neminem
1573 1787 1703 1830 laesit.

217 1855 334 1896 Nam
362 1855 495 1912 juxta
520 1855 792 1897 eminentem
830 1871 1016 1898 camerac
1052 1856 1287 1913 cujusdam
1327 1856 1552 1898 caminum
1594 1871 1710 1913 pavo

216 1927 345 1964 nocte
365 1922 629 1964 substiterat
649 1923 896 1979 quieturus,
923 1924 967 1965 in
991 1928 1168 1965 tantum
1187 1928 1236 1965 ut
1267 1939 1313 1966 se
1350 1927 1494 1967 totum
1516 1924 1572 1977 ei,
1601 1924 1708 1965 dum

216 2006 372 2032 somno
396 1990 735 2047 deprimeretur,
766 1991 1056 2047 imprimeret.
1084 1992 1326 2034 Festivitas
1347 2000 1363 2018 θ
1388 1991 1542 2035 Jacobi
1574 2007 1703 2049 apos-

215 2058 359 2111 toli¹„
379 2063 424 2100 et
449 2058 614 2115 pariter
659 2059 891 2101 Dominica
933 2059 1196 2102 habebatur.
1254 2059 1370 2101 Cum
1389 2064 1518 2101 nocte
1554 2059 1703 2116 gravis
1728 2064 1731 2067 '

217 2126 411 2168 tonitrus
439 2126 587 2182 fragor
613 2126 854 2179 insisteret,
888 2127 1058 2168 fulmen
1093 2127 1267 2169 camino
1294 2127 1438 2181 irruit,
1463 2126 1706 2185 quidquidf

218 2194 315 2251 ejus
328 2209 514 2235 camerae
533 2194 758 2236 eminebat
777 2195 966 2247 subruit,
991 2211 1105 2252 pavo
1125 2196 1164 2237 ei
1183 2195 1703 2238 incumbensimmobilis

219 2262 360 2311 stetit,
384 2263 597 2319 puerulus
622 2263 866 2304 monachus
887 2263 1041 2304 subter
1061 2264 1288 2305 dormiens
1313 2279 1366 2305 ne
1382 2280 1406 2305 a
1430 2278 1587 2305 somno
1610 2263 1707 2320 qui-

218 2331 321 2371 dem
343 2334 412 2371 est
435 2331 633 2383 excitus3
663 2329 858 2372 famulus
885 2335 1036 2372 autem
1061 2331 1243 2388 quidam
1264 2336 1445 2388 stupore
1472 2330 1631 2388 capitis
1657 2345 1708 2372 ac

219 2397 521 2439 membrorum
539 2398 647 2440 dure
662 2403 729 2439 est
747 2399 981 2441 attonitus.
1000 2399 1136 2441 Juxta
1153 2400 1334 2441 beatum
1347 2399 1705 2456 Augustinum,
1675 2399 1690 2413 '’

260 2536 291 2557 3.
317 2527 383 2557 Ces
401 2527 491 2557 deux
511 2529 810 2567 motsmanquent
832 2528 873 2559 D.
895 2547 934 2550 -—
956 2528 991 2559 h.
1017 2530 1050 2559 et
1070 2529 1112 2558 D.
1133 2546 1167 2551 -—-
1185 2539 1212 2559 c.
1233 2528 1330 2558 Cor.r
1352 2528 1394 2558 de
1410 2528 1454 2558 D.
1473 2527 1648 2599 ‹gh-actus
1666 2527 1705 2557 Π.

220 2586 258 2590 ——
276 2568 310 2598 d.
329 2568 556 2609 zliquamdiu
577 2569 620 2600 D.
644 2587 685 2591 —
702 2578 730 2599 e.
752 2569 869 2600 sancti
886 2570 1007 2609 ajoute
1028 2580 1091 2609 par
1109 2570 1152 2600 D.
1173 2588 1213 2592 —
1233 2568 1461 2611 f.q11icq1nd

266 2746 291 2772 l.
319 2742 364 2772 La
383 2743 476 2772 saint
493 2743 647 2782 Jacqucs
665 2743 787 2773 tumbe
805 2743 836 2773 lo
855 2747 892 2773 25
905 2744 1036 2783 juillet.

262 2788 290 2815 2.
315 2783 356 2813 Jc
376 2783 443 2814 n'ai
461 2794 523 2824 pas
543 2784 710 2815 rctrouve
729 2785 760 2815 le
780 2795 926 2825 passage
941 2785 1079 2825 allcguc
1097 2786 1140 2816 (le
1159 2786 1253 2817 saint
1273 2785 1464 2826 Augustin.
