1930 3224
270 242 353 284 484
682 244 781 287 VE'N.
819 256 1010 286 GUlBERTl
1044 259 1151 287 vim:
1183 259 1302 286 tumn
1335 258 1379 287 111

268 356 359 398 imo
393 356 533 399 totius
566 356 720 413 populi
753 364 960 398 summast
979 356 1215 414 iniquitate
1247 355 1545 402 increverunt.
1574 357 1691 400 Nam
1709 357 1766 401 in¹

267 429 361 467 tota
384 424 571 467 Francia
613 424 762 482 qualia
802 423 921 480 apud
963 424 1281 467 Laudunenses
1323 440 1546 484 nusquam
1591 425 1763 469 scelera-

269 493 570 550 contigerunt.
602 491 877 534 Parvissimo
905 491 1023 534 enim
1059 497 1300 550 antequam
1341 493 1427 536 ista
1462 493 1620 536 fierent
1646 497 1760 536 tem-

270 576 392 619 pore,
426 560 659 618 presbyter
687 560 868 617 quidam
910 560 954 601 in
989 560 1174 618 propria‘
1202 561 1398 603 domo·a
1428 576 1581 618 puero,
1623 554 1767 619 quem'

270 628 605 671 familiariorem
627 627 836 679 habebat,
864 644 966 670 cum
991 628 1167 671 sederet
1190 628 1244 671 ad
1273 644 1438 687 prunas
1465 644 1488 671 a
1512 634 1639 687 tergo
1662 643 1760 687 per·
1786 625 1789 627 ’

273 712 432 738 cussus
455 696 638 739 interiit.
665 696 807 753 Cujus
822 711 983 754 corpus
999 697 1073 738 ille
1095 712 1291 750 sumens,
1311 697 1356 738 in
1374 712 1595 739 cameram
1614 712 1761 740 secre-

276 765 433 807 tiorem
464 763 715 806 recondidit
740 769 784 806 et
804 780 828 806 a
865 764 972 806 foris
1006 765 1240 808 asseravit.
1270 764 1763 822 Cumquevieinibper

274 833 446 889 aliquot
472 832 567 874 dies
598 847 688 873 non
718 833 812 874 viso
837 832 1035 885 domino,
1078 848 1273 891 quonam
1308 832 1491 885 abisset,
1533 848 1559 875 a
1594 832 1763 876 famulo

275 904 540 957 quaererent‚
586 900 886 942 mentiebatur
920 900 1070 942 nescio
1116 916 1331 958 quorsum
1371 901 1598 943 hominem
1631 915 1765 958 expe-

274 967 383 1010 tisse
422 968 615 1024 negotia.
656 969 712 1010 Et
756 983 858 1010 cum
890 983 979 1025 prae
1012 968 1182 1011 foetoris
1219 968 1459 1011 insolentia
1494 969 1610 1011 inter
1646 968 1765 1011 aedes

276 1035 417 1077 foveri
444 1051 532 1077 non
553 1041 721 1093 posset,
741 1036 934 1078 -collecta
962 1036 1038 1078 ille
1077 1036 1247 1078 domini
1274 1036 1541 1089 substantia,
1575 1036 1765 1079 cadaver

278 1105 323 1145 in
350 1103 523 1145 camino
562 1103 722 1145 domus
756 1120 888 1161 super
926 1104 1096 1146 cineres
1129 1120 1270 1162 prono
1310 1120 1383 1146 ore
1421 1104 1690 1164 composuit,
1723 1108 1768 1146 et

279 1172 629 1213 instrumentum
649 1172 839 1229 desuper
855 1172 1072 1230 pendens,
1099 1172 1220 1229 quod
1256 1172 1514 1215 siccatorias
1537 1172 1549 1201 1
1586 1176 1765 1225 vocant,

281 1254 414 1297 super
448 1255 551 1281 eum
595 1240 771 1297 dejecit,
806 1245 857 1282 ut
893 1245 1138 1297 putaretur,
1181 1241 1283 1298 quia
1321 1241 1384 1282 sic
1419 1255 1521 1282 eum
1554 1240 1769 1283 machinae

282 1323 410 1350 casus
429 1306 687 1360 obtuderit3
718 1308 869 1366 sicque
896 1324 998 1350 cum
1025 1308 1157 1351 rebus
1185 1308 1373 1365 aufugit.

340 1375 509 1417 Decani
526 1377 542 1404 2
560 1391 737 1433 quoque
766 1392 854 1418 non
882 1378 1013 1434 longe
1041 1381 1143 1418 ante
1164 1377 1375 1419 calendas
1398 1392 1489 1419 suae
1510 1376 1740 1419 dioceseos
1754 1382 1770 1402 ⁰

283 1442 649 1500 presbyterorum
661 1444 855 1501 agebant
869 1444 1062 1488 causas‘l.
1082 1445 1284 1503 Cumque
1300 1444 1483 1503 quidam
1499 1444 1771 1501 Burgundus

284 1511 533 1567 presbyter,
582 1512 744 1569 loquax
783 1513 918 1554 nimis
954 1518 998 1555 et
1039 1513 1338 1570 promptulus,
1384 1513 1647 1570 contiguum
1682 1510 1770 1554 sibi

283 1578 597 1635 presbyterum
616 1595 749 1637 super
761 1581 956 1638 quodam
973 1581 1061 1622 levi
1082 1581 1277 1638 capitulo
1295 1585 1565 1634 accusasset,
1581 1595 1661 1638 pro
1674 1580 1771 1638 ipsa

285 1646 414 1704 culpa
442 1647 637 1689 decanus
673 1648 728 1689 ab
764 1664 815 1690 eo
844 1664 921 1690 sex
954 1664 1163 1691 nummos
1201 1653 1377 1691 tantum
1410 1648 1573 1705 exegit.
1606 1646 1694 1699 Qui
1727 1647 1774 1689 id

285 1714 438 1756 damni
467 1716 577 1757 satis
602 1731 822 1773 superque
858 1732 974 1772 aegre
1010 1716 1171 1768 ferens,
1209 1721 1339 1776 nocte
1374 1732 1476 1758 cum
1503 1715 1775 1773 Burgundus

286 1783 545 1825 revertisset
564 1784 618 1825 ad
649 1799 743 1836 sua,
770 1784 1005 1841 presbyter
1033 1785 1109 1842 qui
1145 1784 1349 1826 denarios
1380 1783 1635 1841 perdiderat
1663 1783 1774 1825 insi-

286 1850 382 1891 dias
418 1851 505 1908 ipsi
546 1852 811 1894 tetenderat.
855 1852 941 1904 Qui
983 1868 1082 1894 cum
1125 1853 1288 1894 domus
1330 1868 1421 1894 suae
1467 1851 1632 1909 gradus
1670 1866 1774 1894 cum

286 1918 469 1960 lucerna
501 1920 777 1973 ascenderet,
817 1920 892 1962 ille
926 1936 1027 1962 eum
1064 1936 1088 1962 a
1127 1920 1450 1978 posterioribus
1485 1920 1530 1961 in
1566 1918 1774 1977 occipitio

288 1986 414 2028 clava
435 1988 671 2044 percussit,
702 1988 777 2045 qui
802 2004 855 2030 ex
879 1988 971 2030 ictu
991 1988 1231 2031 intestatus
1258 1987 1482 2031 occubuit.

347 2055 477 2096 Alter
501 2055 684 2112 quidam
700 2056 901 2098 Exosimi
915 2058 931 2085 3
952 2057 1047 2114 ipse
1063 2056 1312 2113 presbyter,
1331 2071 1433 2098 cum
1453 2055 1637 2097 haberet
1649 2069 1775 2112 pres-

289 2122 498 2178 byterum
552 2124 790 2165 missarum
818 2124 1034 2166 solemnia
1066 2122 1276 2181 agentem
1323 2123 1630 2181 altaribusque
1662 2138 1776 2180 prae—

290 2195 483 2244 sentem,
511 2206 535 2232 a
559 2191 752 2248 quodam
799 2208 877 2233 suo
895 2192 1148 2249 apparitore
1173 2192 1337 2248 sagitta
1364 2191 1485 2233 feriri
1518 2190 1767 2234 mandavit.

292 2258 378 2309 Qui
405 2273 645 2315 percussus
672 2259 757 2301 etsi
781 2275 871 2301 non
912 2260 1097 2310 interiit,
1121 2260 1359 2316 instigator
1382 2263 1534 2302 tamen
1555 2274 1606 2301 ac
1625 2258 1776 2316 opifex

290 2341 378 2367 non
406 2326 502 2368 sine
526 2326 812 2369 interimendi
844 2328 1005 2370 affectu
1026 2328 1125 2381 fuit,
1156 2343 1237 2370 nec
1257 2327 1502 2380 homicidii,
1525 2330 1570 2368 et
1596 2325 1777 2369 sacrile-

290 2394 367 2450 gii,
392 2394 511 2451 apud
535 2395 818 2448 christianos,
837 2395 1056 2438 inauditie
1077 2396 1263 2438 crimine
1290 2395 1448 2437 caruit.

332 2507 363 2528 a.
383 2507 522 2528 summa
538 2497 666 2538 populi
682 2498 724 2529 D.
743 2516 783 2520 —
796 2497 831 2529 b.
851 2508 1004 2539 marique
1020 2499 1063 2530 D.
1079 2517 1120 2521 —
1139 2508 1168 2530 c.
1188 2498 1378 2530 diocesaeos
1394 2497 1439 2529 D.
1460 2515 1501 2520 -
1520 2497 1555 2529 d.
1577 2506 1731 2538 manque
1747 2496 1776 2527 B

293 2538 341 2578 (ct
364 2538 421 2579 D).
450 2557 489 2561 —
507 2548 534 2569 e.
557 2539 654 2571 Corr.
679 2540 722 2570 de
746 2539 772 2569 B
797 2540 847 2580 (ct
868 2540 924 2579 D).
945 2539 1107 2571 mandati
1120 2539 1322 2580 exponetue
1334 2540 1377 2570 X.

333 2654 362 2681 1.
387 2650 543 2690 S'agit-il
561 2651 607 2681 ici
625 2652 707 2682 d'un
729 2651 892 2682 secateur
909 2662 954 2682 ou
976 2652 1056 2682 d'un
1077 2652 1218 2683 sechoir
1233 2661 1324 2692 pour
1336 2651 1454 2682 fumer
1468 2651 1500 2681 la
1517 2650 1675 2681 viando?

332 2695 361 2722 2.
387 2691 455 2722 Sur
480 2692 513 2723 la
536 2692 748 2732 juridiction
775 2693 837 2724 des
863 2693 1001 2734 doyens
1025 2703 1071 2723 ou
1101 2693 1340 2734 archiprctres
1362 2702 1506 2728 ruraux,
1524 2691 1569 2723 cf.
1589 2690 1774 2731 Luchaire,

290 2733 446 2771 Manuel,
466 2744 500 2774 p.
521 2737 578 2773 173
601 2734 635 2764 P.
656 2733 802 2771 Violiet,
822 2734 911 2765 Hist.
933 2735 992 2765 cles
1015 2734 1115 2773 Inst.,
1136 2736 1160 2765 t.
1182 2734 1208 2772 1,
1234 2738 1344 2774 p.355.

332 2778 360 2806 3.
388 2774 452 2805 Pas
471 2774 551 2814 plus
569 2784 637 2815 que
664 2775 841 2815 Dachery,
871 2777 905 2812 ¹je
921 2785 964 2806 nc
986 2776 1058 2806 suis
1077 2785 1236 2816 parvenu
1249 2776 1268 2806 a
1282 2775 1463 2806 identifier
1487 2777 1582 2806 cette
1613 2772 1771 2804 localite.

291 2815 474 2846 peut-&tm
501 2817 615 2846 est-ce
636 2817 840 2847 Essommes
865 2816 958 2856 (dep.
982 2817 1025 2847 de
1044 2817 1192 2854 l'Aisne,
1221 2819 1316 2847 cant.
1342 2817 1385 2846 de
1402 2814 1772 2855 Chateau-Tliierry);

292 2857 379 2886 mais
398 2856 549 2895 Mation,
567 2867 622 2897 op.
642 2857 715 2896 eit.‚
736 2868 769 2897 p.
793 2860 938 2890 100-101.
958 2867 1002 2888 nc
1021 2858 1091 2888 cite
1111 2867 1173 2897 pas
1190 2859 1285 2888 cette
1304 2857 1419 2887 forme
1437 2857 1622 2888 ancienne.
