1930 3224
566 234 663 264 vm.
700 234 890 263 acinam]
924 224 1031 263 vim:
1064 235 1182 263 LIBER
1217 235 1261 262 ιιι
1575 221 1660 263 233

162 333 427 392 Quod-opus
447 334 662 392 quoniam
688 334 744 377 ab
764 333 1013 377 artificibus
1039 334 1189 376 minus
1215 338 1310 376 erat
1335 333 1537 376 ordinate
1558 349 1662 376 con-

159 406 356 458 textum,
389 402 627 445 videbatur
664 403 709 445 in
736 403 833 446 dies
869 403 939 445 sui
967 402 1188 461 parturire
1220 402 1412 445 ruinam.
1457 402 1661 460 Cumque

161 470 407 529 plurimum
433 471 489 514 ab
518 471 671 523 lvone,
700 476 806 515 tunc
835 472 1050 529 temporis
1078 471 1283 524 abbate¹,
1314 476 1359 513 et
1384 486 1408 512 a
1430 471 1662 513 monachis

159 539 411 593 timeretur,
451 555 505 583 ne
538 540 680 583 veteri
713 541 927 582 damnum
965 540 1162 583 basilicae
1208 539 1314 582 novi
1350 539 1498 597 operis
1533 540 1661 581 ruina

158 608 383 666 infligeret
409 609 521 667 (erat
542 614 694 651 autem
712 609 773 666 ibi
789 617 806 636 ‘⁷
823 609 942 651 beati
966 609 1220 652 Eadmundi
1240 609 1397 661 altare,
1415 613 1459 651 et
1469 623 1662 666 quorum

162 677 312 720 nescio
357 677 584 736 aliorum),
641 678 746 720 talis
790 678 905 720 visio
953 678 1130 720 solicito
1179 677 1331 720 abbati
1381 693 1428 719 se
1488 676 1658 719 intulit.

163 745 377 788 Honestae
399 746 594 788 multum
616 746 894 788 habitudinis
912 746 1143 788 dominam
1164 746 1210 788 in
1238 746 1385 788 medio
1412 745 1532 788 beati
1556 745 1662 787 Dio-

161 814 281 871 nysii
304 815 506 857 ecclesiae
524 819 719 857 stantem
741 815 940 866 videbat,
965 831 1064 873 quae
1088 814 1354 857 sacerdotali
1379 830 1503 856 more
1534 829 1656 856 exor-

163 882 354 926 cismum
373 899 500 941 aquae
526 883 732 927 faciebat.
755 884 959 942 Cumque
981 884 1095 926 abba
1122 883 1317 926 foeminae
1338 883 1626 925 autoritatem
1641 881 1662 908 ἱ)

161 951 415 1005 miraretur,
433 968 532 1010 quae
550 951 732 995 insolita
759 952 939 1006 faceret,
969 952 1373 1011 contemplabatur,
1404 951 1541 1010 quod,
1561 956 1664 1010 post

160 1035 288 1079 aquae
308 1020 686 1070 benedictionem,
710 1037 808 1063 eam
825 1022 907 1064 hac
935 1020 1128 1078 illacque
1152 1021 1447 1080 dispergeret,
1471 1025 1663 1078 postque

159 1088 502 1148 dispersionem,
533 1106 622 1148 qua
638 1090 927 1148 disperserat,
952 1090 1300 1148 circumquaque
1321 1090 1501 1146 signum
1517 1089 1663 1131 crucis

160 1158 447 1216 exprimeret.
498 1159 592 1201 Nec
631 1174 756 1200 mora
798 1159 1014 1217 temporis
1051 1159 1189 1201 turris
1225 1159 1329 1212 ruit,
1373 1158 1452 1200 sed
1488 1157 1662 1200 nullam

160 1226 361 1286 ecclesiae
390 1233 577 1286 partem,
619 1227 728 1269 dum
767 1232 933 1280 rueret,
975 1227 1106 1270 laesit.
1152 1227 1229 1270 Illa
1265 1228 1386 1270 enim
1422 1226 1662 1269 Benedicta

161 1295 280 1338 inter
311 1297 540 1350 mulieres,
574 1296 703 1354 cujus
736 1297 909 1339 ventris
943 1297 1206 1339 benedictus
1234 1302 1301 1339 est
1331 1296 1505 1338 fructus
1522 1296 1554 1349 ἓ),
1582 1310 1662 1337 sua

162 1379 264 1407 eam
289 1364 602 1408 benedictione
623 1366 754 1424 juxta
789 1365 967 1408 abbatis
997 1365 1093 1407 visa
1124 1365 1362 1408 munierat.
1397 1364 1526 1406 Alias
1555 1380 1661 1421 ergo

161 1449 298 1476 ruens
331 1434 563 1477 hominem
602 1434 756 1478 subter
788 1434 1097 1477 ambulantem
1136 1435 1326 1492 operuit.
1358 1433 1474 1477 Cum
1512 1433 1662 1492 itaque

163 1508 444 1561 compertum
488 1508 606 1546 esset
652 1503 863 1546 omnibus
917 1504 1066 1545 virum
1120 1503 1346 1560 lapidibus
1374 1503 1657 1561 adopertum,

161 1570 458 1615 humanitatis
499 1587 632 1615 causa
661 1573 916 1630 congeriem
958 1572 1014 1615 ab
1059 1587 1110 1614 eo
1152 1572 1380 1614 dimovere
1411 1575 1658 1629 coeperunt.

161 1640 365 1684 Tandem
386 1641 619 1684 exhaustis
640 1642 863 1684 cementic
877 1646 920 1683 et
943 1657 1156 1684 saxorum
1178 1640 1427 1694 montibus,
1455 1640 1659 1699 perveni-

158 1713 234 1751 tur
262 1709 319 1751 ad
351 1709 512 1762 illum;
543 1725 693 1767 quem,
739 1710 904 1752 mirum
943 1709 1082 1763 dictu,
1122 1710 1340 1767 sospitem
1378 1709 1661 1766 alacremque

158 1777 404 1835 reperiunt,
440 1778 532 1820 acsi
567 1778 690 1821 domi
719 1778 983 1821 desedisset.
1016 1778 1184 1831 Quadri
1214 1794 1376 1836 nempe
1403 1794 1426 1820 e
1452 1778 1661 1836 regione-³

158 1845 274 1889 alter
291 1846 423 1889 alteri
443 1862 541 1890 sese
568 1847 956 1905 compaginantes,
987 1847 1073 1905 ipsi
1094 1847 1328 1889 aediculam
1354 1846 1655 1889 confecerunt.

160 1913 264 1957 Non
297 1931 403 1973 ergo
429 1915 486 1969 ei,
522 1915 607 1958 sub
633 1916 808 1959 diutina
836 1916 986 1959 nescio
1017 1921 1127 1974 quot
1161 1915 1334 1958 dierum
1372 1915 1483 1958 inibi
1517 1930 1656 1968 mora,

158 1981 317 2037 fames,
362 1999 453 2027 non
502 1989 667 2035 metus,
707 2000 798 2027 non
837 1984 1220 2027 insolentissimus
1262 1985 1450 2045 excluso⁴
1488 1983 1660 2026 homini

160 2052 295 2095 calcis
319 2052 430 2095 odor
455 2053 621 2096 offecit.

158 2190 161 2192 ·
218 2165 657 2210 Excellentissimam
684 2168 822 2226 igitur
835 2168 1027 2211 Mariam
1050 2169 1265 2210 coelorum
1287 2183 1337 2209 ac
1366 2173 1492 2209 terrae
1513 2171 1663 2224 patro-

158 2250 279 2289 nam,
309 2251 412 2278 cum
441 2236 677 2293 Dionysio,
696 2237 837 2279 totius
855 2236 1052 2279 Franciae
1071 2237 1252 2278 domino
1269 2236 1304 2285 (Ι,
1327 2235 1428 2278 libri
1441 2251 1662 2294 ponamus

157 2303 422 2348 clausulam.

199 2418 232 2440 a.
256 2408 357 2440 Corr.
377 2409 421 2440 de
440 2409 467 2439 B
496 2409 545 2446 (ct
563 2409 620 2450 D).
651 2409 714 2440 ubi
735 2410 777 2441 X.
797 2428 835 2432 —
856 2409 891 2441 h.
913 2410 1173 2441 authoritatem
1197 2410 1239 2441 1).
1261 2428 1300 2432 -
1324 2420 1354 2441 c.
1370 2420 1419 2441 σεε
1434 2409 1544 2441 menti
1564 2409 1661 2441 1).—

157 2449 190 2482 d.
217 2449 359 2482 Lacune
381 2451 485 2482 selon'
500 2450 530 2481 D
548 2451 609 2491 qui
625 2461 781 2492 suppose
804 2451 1009 2483 invocentes
1029 2453 1132 2492 (pour
1157 2451 1389 2493 invocantes).

200 2584 230 2614 1.
257 2581 354 2613 Yves
375 2582 429 2613 sut
446 2582 539 2613 abbe'
557 2582 600 2613 de
617 2585 696 2613 1075
715 2583 734 2613 ἐι
760 2585 838 2614 1094
855 2582 963 2623 (Gall.
981 2582 1131 2619 Christ..
1150 2586 1176 2615 t.
1196 2584 1276 2623 Vll,
1293 2585 1362 2615 col.
1383 2584 1545 2623 365—366).
1565 2584 1661 2615 C'est

158 2633 243 2654 sous
262 2633 328 2654 son
352 2623 517 2655 abbatiat
543 2634 611 2665 quc
637 2624 750 2663 Suger
776 2628 879 2656 entra
899 2626 918 2656 a
942 2625 1185 2657 Saint-Denis.
1213 2626 1320 2657 Entrc
1346 2636 1411 2657 son
1436 2625 1600 2657 abbatiat
1623 2630 1660 2658 ct

159 2665 250 2696 celui
270 2665 313 2696 de
337 2665 449 2705 Sugcr
470 2675 507 2696 sc
524 2666 624 2706 place
643 2665 831 2697 l'abbatiat
847 2665 1011 2698 d'Adam.

199 2710 230 2738 2.
255 2707 341 2745 Luc,
363 2707 388 2745 1,
403 2709 465 2739 42:
487 2720 501 2734 «
521 2707 566 2738 Et
581 2708 797 2739 exclamavit
814 2718 902 2739 voce
923 2718 1063 2748 magna,
1083 2710 1118 2741 et
1141 2709 1231 2740 dixit
1256 2719 1262 2740 ε
1288 2709 1484 2740 Benedicta
1503 2712 1539 2741 tu
1566 2710 1661 2740 inter

158 2748 339 2787 mulieres,
355 2751 391 2780 et
406 2748 619 2780 benedictus
638 2749 779 2781 fructus
797 2750 936 2781 ventris
955 2751 1018 2782 tui.
1040 2764 1054 2778 »

199 2794 228 2821 3.
254 2790 352 2821 Dans
374 2790 404 2821 le
425 2800 507 2821 sens
525 2791 680 2831 primitis
697 2792 741 2822 de
760 2792 791 2822 la
810 2791 904 2831 ligne
924 2792 1054 2826 droitc,
1075 2792 1170 2833 ligne
1191 2793 1365 2824 normale.
