1930 3224
563 224 664 274 vna.
699 237 895 273 cuffiam
927 237 1036 274 vrrs
1066 238 1187 273 mmm
1220 239 1233 272 1
1602 224 1658 274 77

244 378 257 400 ,
281 343 334 388 u't
348 344 412 388 sic
438 343 647 398 dixerim,
675 359 767 395 non
788 343 1117 387 commembres
1145 347 1266 397 sunt,
1296 348 1342 386 et
1366 343 1467 386 ideo
1492 362 1512 384 «
1541 344 1655 387 Nes-

224 411 349 457 *57681
373 430 395 454 >›
417 412 625 467 audiunt,
656 412 749 455 acsi
778 412 974 456 diceret:
1003 412 1160 455 «·N0n
1187 427 1265 455 eos
1291 411 1338 454 in
1361 427 1462 454 meo
1484 413 1647 465 sentio,

141 481 255 547 ψ
268 480 330 526 *ex
341 497 414 526 me
430 497 520 525 non
529 481 706 525 vivunt.
722 498 743 521 »
760 480 961 525 Levabat
981 481 1119 539 igitur
1128 480 1360 524 fastidium
1373 496 1477 539 spes
1494 497 1653 539 quam-

70 546 401 603 'g'fflzfrivola
435 565 605 604 meum,
640 555 685 593 et
723 549 908 593 orabam
943 554 1004 604 te,
1043 550 1183 604 Deus,
1215 554 1283 604 ut,
1324 549 1363 592 si
1391 549 1574 608 quando
1608 550 1654 592 id

67 612 268 682 21⁹'qnod
292 618 348 663 de
373 633 447 663 me
468 618 749 662 tractabatur
768 619 912 672 fieret,
939 623 983 662 te
1007 618 1294 662 solummodo
1314 623 1497 661 auctore
1513 626 1531 646 ἃ
1547 634 1653 662 con-

87 684 358 748 fffflg'cret,
380 693 427 732 et
445 687 642 732 taedebat
667 703 757 742 me,
791 688 912 746 quod
934 703 1014 746 per
1038 687 1153 730 alios
1185 687 1441 741 audiebam,
1480 703 1505 730 a
1538 687 1651 731 meis

63 750 261 815 fmihi
296 756 559 816 parentibus
588 756 676 800 ista
715 756 870 815 quaeri,
909 761 954 799 et
986 756 1099 799 alios
1127 772 1239 815 pura
1269 756 1353 799 Dei
1392 755 1649 811 efficientia,

141 823 552 872 busso-carnaliter
589 830 876 885 procurante,
915 825 1035 884 eligi.
1077 825 1260 868 Etenim
1290 825 1378 883 ipsi
1418 830 1651 883 parentes,

39 887 98 946 3Τῖ
140 892 238 939 'nen
261 899 356 939 tam
390 894 502 938 mihi
539 910 677 954 quam
701 894 793 937 sibi
825 894 871 936 in
899 893 1159 951 hujusmodi
1198 909 1300 936 cura
1341 894 1648 952 providentes,

142 964 324 1012 mecum
341 963 573 1018 ullatenus
599 978 736 1021 super
760 963 848 1006 isto
863 963 1045 1020 negotio
1067 978 1156 1006 non
1178 962 1389 1020 agebant,
1403 978 1493 1005 non
1518 963 1652 1022 plane

139 1032 393 1093 juvenilem
414 1032 617 1076 animum
638 1047 773 1090 super
798 1032 882 1075 hac
906 1047 952 1074 re
978 1031 1154 1075 irritare
1181 1031 1409 1075 volebant.
1449 1031 1654 1075 Tandem

139 1097 254 1156 Deo,
272 1116 346 1145 me
361 1101 534 1145 diutius
555 1100 785 1155 volenteb,
806 1100 975 1154 deludi,
999 1100 1364 1159 procuratoribus
1381 1100 1494 1143 meis
1511 1101 1651 1158 inspi-

36 1208 44 1220 .,
139 1170 260 1215 ravit
275 1170 308 1223 ²,
331 1174 383 1214 ut
405 1186 486 1230 pro
507 1170 602 1214 suis
619 1169 859 1213 animabus
887 1169 1117 1213 salvandis
1139 1169 1251 1212 alias
1277 1169 1647 1227 commigrarent,

31 1236 50 1258 ³
85 1270 88 1274 -
143 1244 191 1284 ct
204 1239 516 1298 quarundam⁰
533 1238 819 1282 abbatiarum
835 1238 1086 1292 monachis,
1110 1238 1189 1297 qui
1204 1238 1375 1281 eisdem
1395 1254 1531 1296 super
1550 1253 1650 1281 mea

141 1306 362 1353 'electione
395 1307 721 1362 innitebantur,
765 1323 948 1351 necesse
988 1307 1073 1350 fuit
1112 1311 1164 1350 ut
1202 1307 1417 1350 aliorsum
1454 1307 1647 1350 diverte-

144 1381 248 1422 rent
262 1377 296 1422 θ’.

153 1462 161 1464 ’
203 1446 344 1501 Deus,
368 1445 454 1490 tibi
484 1446 669 1505 gratias,
693 1446 796 1504 quia
820 1450 930 1488 tunc
953 1445 1145 1489 intentio
1168 1445 1225 1488 ad
1248 1445 1476 1502 integrum
1496 1444 1648 1504 pueri-

142 1510 202 1559 lis
217 1515 452 1569 emarcuit,
486 1530 571 1559 nec
597 1515 654 1558 ad
685 1515 886 1573 aliquam
915 1520 1140 1558 terrenam
1159 1514 1350 1558 ulterius
1377 1513 1646 1572 dignitatem

75 1635 81 1644 ι
141 1583 368 1643 suspirare
397 1582 617 1628 collibuit.
653 1583 917 1642 Flagellasti
943 1599 1137 1641 namque
1155 1599 1226 1626 me
1249 1583 1296 1626 in
1322 1588 1524 1641 tempore
1547 1583 1643 1635 illo,

143 1652 292 1707 Pater,
319 1657 392 1697 net
433 1657 660 1697 corrector
699 1652 999 1711 cupiditatum
1043 1657 1088 1696 et
1135 1652 1374 1695 levitatum
1423 1667 1642 1706 mearum,

83 1744 85 1747 ·
141 1721 283 1776 Deus,
307 1720 524 1777 afflixisti,
556 1726 602 1765 et
625 1737 697 1765 me
724 1721 782 1764 ad
813 1721 1122 1779 cognitionem
1146 1721 1376 1779 redegisti,
1405 1721 1467 1764 ita
1493 1726 1545 1763 ut
1572 1736 1644 1763 me

93 1784 112 1797 ‘⁸
138 1789 256 1834 intra
299 1805 374 1834 me
405 1790 755 1849 constringeres,
782 1805 1001 1849 mensque
1025 1790 1245 1833 hactenus
1276 1805 1391 1847 vaga
1420 1805 1645 1848 nusquam

28 1905 30 1910 ,
138 1859 356 1914 evolaret,
380 1859 460 1903 sed
481 1859 538 1902 ad
562 1859 707 1902 solam
735 1859 1039 1902 humilitatem
1064 1863 1110 1902 et
1134 1858 1423 1917 cogitationis
1455 1858 1643 1901 sinceri-

27 1937 30 1939 ’
71 1958 73 1963 -
138 1931 282 1972 tatem
310 1927 576 1972 medullitus
608 1927 841 1986 aspiraret.
886 1925 1124 1986 Coeperam
1154 1927 1251 1986 jam
1282 1933 1390 1970 tunc
1423 1927 1640 1985 primum,

20 1990 28 1997 ”
139 1995 351 2051 Domine,
383 1996 674 2056 experiri...d‚
719 2002 764 2039 et
786 1996 843 2039 ad
868 1996 1035 2039 bonam
1059 1996 1351 2039 solitudinem
1389 1995 1571 2049 mentis,
1595 1996 1641 2037 in

138 2079 231 2124 qua.
242 2065 500 2109 conversari
525 2070 575 2109 tu
593 2065 728 2119 soles,
758 2081 830 2108 me
857 2065 1118 2108 contrahere
1140 2065 1195 2107 ad
1223 2065 1417 2109 Matrem
1443 2064 1641 2107 coelestis

138 2133 332 2194 imperii,
367 2134 452 2178 Dei
479 2134 745 2193 genitricem
777 2134 985 2189 Mariam,
1018 2134 1204 2177 unicum
1242 2150 1395 2176 meum
1434 2134 1479 2175 in
1515 2133 1639 2176 omni

137 2203 674 2263 necessitaterecursum,
697 2203 837 2246 totius
861 2203 901 2245 ei
922 2203 1089 2246 interni
1110 2202 1297 2246 fervoris
1321 2203 1483 2245 librare
1519 2218 1640 2245 com-

137 2270 340 2330 plexum.
358 2271 627 2316 Delectabar
646 2287 753 2330 ergo
776 2271 1149 2314 affectuosissime
1170 2287 1270 2315 esse
1293 2271 1514 2325 modicus,
1539 2272 1639 2313 hor-

179 2394 212 2417 a.
233 2386 362 2418 autore
374 2377 420 2417 B.
434 2385 590 2418 authore
608 2385 652 2418 D.
665 2403 706 2408 ——
722 2384 758 2417 b.
783 2384 815 2415 D
831 2395 988 2426 propose
1003 2385 1035 2416 la
1054 2385 1256 2417 correction
1279 2385 1434 2416 nolente.
1447 2403 1488 2407 —
1504 2393 1533 2416 c.
1552 2393 1641 2427 qua-

129 2426 304 2459 rumdam
318 2426 363 2459 D.
377 2427 606 2470 quarundem
624 2427 709 2459 B.—
726 2428 758 2459 d.
781 2427 937 2466 Lacune,
955 2427 1118 2469 experiri
1138 2427 1238 2460 etant
1253 2427 1468 2458 insuffisant.

177 2555 208 2586 1.
222 2551 374 2593 Matura„
389 2552 470 2593 VII,
490 2557 529 2585 23
554 2563 561 2586 ε
585 2566 599 2581 u
619 2553 664 2585 Et
682 2555 768 2585 tunc
790 2553 994 2585 confitebor
1016 2552 1088 2585 illis
1108 2563 1116 2594 ;
1140 2553 1223 2595 quia
1247 2563 1430 2594 nunquam
1456 2552 1540 2584 novi
1559 2562 1636 2591 vos,

137 2594 312 2627 discedite
326 2604 346 2627 a
363 2604 432 2634 me,
450 2596 512 2637 qui
530 2595 730 2637 operamini
745 2595 986 2636 iniquitatem.
1006 2609 1020 2624 »

178 2639 209 2670 2.
233 2637 474 2670 Anacoluthe.
502 2637 550 2669 Le
575 2637 672 2679 sujet
696 2636 924 2679 d'inspiravit
951 2639 1008 2669 est
1032 2637 1138 2670 Deus.
1156 2636 1209 2669 Cf.
1225 2635 1367 2676 Guizot,
1394 2636 1498 2675 Call„
1523 2637 1549 2667 t.
1575 2635 1635 2675 IX,

136 2696 160 2729 p
177 2731 208 2762 3.
231 2728 289 2761 On
302 2729 426 2771 ignore
450 2729 493 2762 de
517 2730 633 2778 quelle
648 2729 789 2771 abbaye
806 2729 840 2761 la
858 2730 993 2762 samille
1006 2730 1050 2762 de
1071 2730 1227 2762 Guibert
1252 2730 1380 2761 voulut
1396 2729 1428 2760 le
1448 2728 1633 2770 pourvoir.

136 2768 167 2802 11
183 2769 231 2802 s'a
260 2770 288 2803 ‘t
301 2772 484 2813 peut-etre
498 2772 557 2811 ici,
576 2771 676 2804 etant
690 2771 808 2803 donne
822 2772 875 2803 les
893 2774 1026 2806 termes
1046 2772 1245 2813 employes,
1263 2771 1384 2812 plutot
1401 2770 1483 2802 d'un
1501 2770 1635 2802 cvecht't

136 2821 206 2854 quc
255 2823 325 2845 une
333 2812 487 2855 abbaye.
501 2811 563 2853 Or,
573 2823 616 2845 en
629 2812 887 2853 1104,l'eveche
898 2814 941 2845 de
954 2814 1366 2846 Beauvaisctaitvacant
1376 2813 1423 2855 (V.
1433 2822 1469 2854 p.
1480 2815 1530 2851 72,
1545 2822 1578 2843 n.
1590 2815 1634 2852 1).
