1930 3224
256 224 338 268 ’136
665 238 764 268 VEN.
799 237 988 266 GUIBFIRTI
1026 238 1129 266 vlTAE
1161 238 1279 266 LIBER
1310 238 1355 266 111

319 338 424 380 Erat
448 342 598 380 autem
625 337 700 379 ille
728 336 996 378 Godefridus
1012 344 1029 362 ἃ
1046 336 1225 392 juvenis
1249 335 1447 378 omnimo
1462 337 1516 378 de
1535 336 1736 394 pulcher,

257 405 552 462 Ingelrannus
593 421 716 455 vero,
766 405 822 446 ad
851 420 984 461 quem
1022 420 1069 446 se
1107 404 1311 456 contulit,
1355 405 1424 446 vir
1453 394 1755 461 grandaevus,⁴

255 474 397 530 Igitur
446 474 564 515 inter
619 477 858 529 utrumque
879 471 900 498 ¹²
946 476 1070 514 tanta
1114 471 1334 514 bellorum
1377 472 1564 528 flagrare
1605 467 1756 529 coepit*

257 541 479 594 vecordia,
513 546 562 583 ut
590 541 876 597 quicunque⁶
896 556 920 581 a
945 540 1219 596 Lotharingo
1252 540 1330 581 illo
1357 541 1410 582 de
1447 540 1533 592 his,
1566 539 1643 598 qui
1683 539 1738 581 ad

257 609 573 665 Ingelrannum
597 608 896 666 pertinebant,
928 608 1025 665 capi
1051 613 1250 664 possent,
1269 612 1346 650 aut
1367 607 1502 649 furcis
1517 607 1740 664 appende-

256 682 424 728 rentur,
464 682 540 718 aut
575 676 717 718 oculis
749 676 1047 732 privarentur,
1077 681 1154 718 aut
1182 675 1371 733 pedibus
1405 679 1735 728 truncarentur,

258 745 378 801 quod
399 744 618 802 hodieque
642 744 911 785 Porcensem
938 744 1189 786 visentibus
1215 759 1381 801 pagum
1413 743 1583 801 liquido
1613 758 1741 786 cons-

257 818 339 854 tat.
372 812 538 854 Audivi
565 817 682 854 certe
713 827 734 853 a
764 812 974 868 quodam,
1006 812 1081 869 qui
1111 812 1335 869 quondam
1364 812 1445 853 tali
1474 811 1739 853 carnificinae

261 880 479 932 interfuit,
504 880 738 922 duodecim
769 880 907 922 ferme
931 880 1134 922 homines
1163 880 1208 921 in
1235 879 1494 936 hujusmodi
1535 878 1741 936 confligio

260 949 564 1004 deprehensos
586 964 675 989 uno
700 948 771 989 die
798 947 999 990 sublatos
1022 948 1067 989 in
1091 947 1277 991 furcam.
1308 947 1599 990 Porcensium
1622 946 1743 990 enim

262 1016 443 1073 quidam
484 1016 703 1073 primores
750 1016 885 1072 hujus
928 1015 1338 1072 transmigrationis
1376 1015 1595 1073 sequestri
1623 1014 1743 1057 fuere

262 1090 305 1126 et
326 1090 547 1137 auctores,
571 1084 648 1141 qui
667 1084 726 1125 ob
746 1084 828 1126 hoc
852 1090 895 1126 et
920 1084 963 1125 in
986 1084 1077 1125 vita
1095 1089 1137 1125 et
1160 1084 1204 1125 in
1229 1089 1371 1126 morte
1389 1083 1510 1125 fuere
1535 1082 1739 1124 infames.

261 1152 333 1194 Sic
360 1153 512 1194 Venus
532 1143 859 1209 non-concepta
880 1152 1069 1194 Vulcani
1101 1151 1281 1208 ignibus
1299 1152 1516 1208 processit
1543 1151 1599 1193 ad
1624 1150 1743 1192 Mar-

257 1224 375 1271 tem3
400 1220 548 1262 fervor
590 1220 761 1262 scilicet
780 1220 1019 1262 libidinum
1043 1219 1314 1276 despumatd
1341 1220 1387 1261 in
1411 1219 1737 1261 crudelitatem.

259 1278 578 1345 Quispraedas,
610 1288 709 1346 quis
738 1288 943 1330 incendia
970 1288 1073 1329 hinc
1100 1292 1143 1329 et
1164 1287 1266 1329 inde
1289 1288 1400 1330 facta
1426 1286 1632 1329 enunciet
1646 1293 1678 1340 Β,
1695 1290 1739 1328 et

260 1361 420 1398 caetera
447 1372 544 1413 quae
573 1372 724 1413 parere
754 1355 1011 1412 hujusmodi
1050 1360 1298 1412 tempestas
1325 1356 1454 1407 solet,
1490 1370 1590 1413 quae,
1614 1358 1736 1396 tanta

258 1423 394 1476 suere,
435 1429 485 1466 ut
525 1429 673 1466 mutos
710 1424 874 1466 faciant
898 1424 1059 1465 referre
1083 1423 1351 1466 volentesf?

318 1492 473 1549 Itaque
489 1492 698 1533 dominus
719 1492 956 1549 episcopus
972 1491 1236 1533 diabolicam
1253 1492 1365 1533 hanc
1392 1491 1596 1548 copulam
1623 1489 1739 1532 male

261 1575 397 1601 sanus
425 1560 634 1602 absolvit.

319 1627 462 1670 Multa
490 1643 623 1684 super
666 1628 862 1684 episcopi
901 1628 1100 1670 moribus
1146 1627 1297 1669 referri
1323 1632 1523 1685 possent,
1559 1641 1740 1684 prorsus

259 1694 392 1751 digna
416 1696 569 1747 taceri,
600 1696 645 1736 in
670 1712 757 1752 quo
780 1696 1080 1752 supereminet
1096 1704 1116 1730 9
1137 1695 1265 1749 illud,
1284 1695 1405 1752 quod
1423 1695 1549 1737 nulla
1570 1693 1742 1751 peccati

259 1764 529 1805 conscientia
549 1763 935 1820 compungebatur
950 1764 1005 1805 ad
1030 1764 1191 1806 Deum.
1217 1764 1260 1805 Is
1277 1763 1463 1805 tandem
1481 1762 1740 1804 infirmitate

260 1835 508 1882 contactus,
551 1847 631 1873 nec
671 1848 693 1873 a
721 1831 983 1873 levitatibus
1027 1831 1286 1873 infirmitate
1328 1830 1645 1882 contractiorh‚
1677 1829 1738 1871 ita

256 1904 439 1955 repente
458 1899 617 1956 sopitis
638 1899 846 1940 sensibus
870 1899 1024 1941 nubilo
1051 1899 1207 1941 mortis
1239 1897 1501 1951 involvitur,
1536 1903 1586 1940 ut
1617 1897 1740 1955 loqui

256 1981 310 2007 ex
336 1966 507 2008 ratione
534 1983 622 2008 non
648 1972 798 2024 posset
824 1980 832 2018 ;
860 1967 931 2009 cui
952 1967 1188 2019 confessio,
1212 1965 1452 2019 inunctioi,
1483 1965 1737 2008 communio

255 2033 355 2074 aliis
380 2034 639 2076 curantibus
661 2040 767 2076 sunt
787 2035 1006 2077 violenter
1031 2035 1172 2087 illata,
1193 2050 1275 2077 nec
1299 2049 1354 2076 ex
1380 2033 1602 2077 sententia
1631 2048 1737 2090 pos-

254 2101 411 2143 tulata.
468 2101 671 2159 Cumque
710 2107 860 2144 tamen
905 2102 1058 2160 lingua
1100 2107 1142 2144 et
1185 2103 1327 2145 oculis
1369 2117 1483 2160 pene
1515 2101 1609 2159 jam
1653 2100 1737 2142 sub

255 2174 398 2210 morte
430 2170 695 2211 vacantibus
710 2170 744 2222 ¹⁸⁶,
773 2170 1066 2227 Ingelrannus
1099 2170 1191 2222 ille,
1219 2186 1352 2228 quem
1378 2169 1493 2212 male
1524 2168 1738 2211 solvendo

254 2235 486 2292 ligaverat,
517 2237 788 2289 advenisset,
830 2254 963 2295 quem
991 2238 1127 2280 etiam
1151 2238 1314 2290 clerici,
1350 2243 1399 2280 ut
1428 2238 1735 2294 inungeretur,

253 2304 382 2360 quasi
403 2306 841 2348 excommunicatum
867 2321 891 2347 a
931 2306 1063 2348 domo
1097 2306 1394 2358 excluserant,
1425 2320 1615 2362 eumque
1642 2304 1738 2346 illa-

253 2387 463 2427 crymans
483 2372 492 2399 ¹
516 2373 847 2428 compellasset,
891 2373 1044 2416 dicens
1070 2390 1078 2415 :
1121 2392 1139 2412 «
1176 2373 1364 2415 Domine
1389 2373 1611 2430 episcope,
1636 2387 1737 2414 ecce

252 2439 552 2495 Ingelrannus
596 2456 677 2496 ego
717 2457 832 2492 sum,
876 2447 1095 2497 cognatus
1141 2447 1260 2494 tuus,
1293 2459 1313 2480 »
1347 2440 1438 2492 ille,
1478 2440 1553 2498 qui
1592 2455 1736 2498 neque

250 2507 465 2559 confiteri,
493 2523 636 2561 neque
672 2508 855 2564 inungi,
894 2524 1038 2566 neque
1071 2508 1389 2551 communicari
1411 2513 1563 2566 petere
1597 2507 1735 2550 scive-

287 2629 318 2650 ἃ.
340 2619 584 2659 Gaudel'riclus
606 2620 648 2650 D.
669 2638 708 2642 —
728 2619 762 2650 b.
792 2620 890 2651 Corr.
912 2621 953 2651 dc
972 2621 1013 2651 Ι).
1035 2622 1158 2651 uirum
1177 2621 1216 2659 B,
1234 2621 1302 2651 Du.
1322 2630 1400 2651 —c.
1417 2619 1641 2661 quicumque
1659 2619 1729 2655 Du,

247 2660 288 2689 l).
308 2678 347 2682 —
362 2661 395 2691 d.
415 2661 629 2701 despumans
648 2662 685 2699 B,
707 2661 774 2699 Du,
794 2662 834 2692 D.
860 2680 900 2684 —
914 2671 941 2692 e.
959 2662 1125 2693 enuntiet
1142 2662 1209 2692 Du‘.
1229 2678 1269 2683 -
1284 2660 1311 2701 f.
1328 2662 1359 2692 D
1374 2670 1529 2701 propose
1545 2661 1578 2691 la
1595 2670 1734 2692 correc-

246 2702 321 2731 tion
341 2702 514 2740 nolentes,
531 2703 672 2743 d'apres
691 2703 730 2738 B,
752 2713 773 2733 n
792 2703 1045 2734 interlineaire.
1065 2722 1105 2725 —
1122 2713 1157 2745 9.
1177 2702 1405 2743 superveniet
1424 2702 1491 2733 Du.
1517 2720 1557 2724 ——
1572 2701 1605 2733 h.
1627 2711 1728 2733 nec...

248 2743 468 2774 contractior
489 2753 640 2784 manque
661 2744 730 2774 Du.
759 2761 798 2766 -
822 2744 844 2775 i.
872 2744 1007 2775 inuciio
1027 2744 1094 2775 Du.
1123 2763 1162 2768 —
1190 2745 1223 2775 lc.
1244 2743 1453 2775 natantibus
1471 2744 1515 2775 D.
1540 2761 1580 2766 —
1603 2743 1626 2775 l.
1650 2742 1732 2774 illa-

244 2784 441 2824 ehrymans
468 2784 536 2814 Du.
