1930 3224
579 269 674 300 νΕΝ.
712 267 906 297 summu
939 268 1048 297 vlu:
1079 267 1203 296 LIBER
1234 267 1247 296 l
1606 250 1654 294 41

125 343 129 346 -
212 370 383 415 -Voluto
406 370 546 429 igitur
568 373 672 428 post
697 368 984 427 septennium
1013 371 1058 410 et
1083 366 1279 424 amplius
1305 364 1545 418 maleficio,
1571 380 1662 423 quo

140 439 376 485 ·fflralis
445 438 729 497 legitimique
789 436 1048 479 commercii
1117 435 1277 494 copula
1347 433 1657 491 rumpebatur,

98 503 349 558 fifflnium
384 507 520 567 plane
557 505 667 550 satis
705 505 920 549 credibile
950 510 1034 559 est,
1065 510 1114 547 at
1135 505 1251 547 sicut
1274 503 1522 560 praestiqiis
1555 518 1662 545 ocu-

36 543 105 640 ,s
117 576 283 624 ζαν-ἵε
299 577 416 620 ratio
444 576 778 634 pervertitura,
821 579 872 617 ut
911 574 986 617 de
995 573 1151 628 nullis,
1183 578 1235 616 ut
1271 572 1335 615 sic
1376 572 1540 624 dicam,
1583 571 1663 614 ali-

98 651 239 711 qua
287 650 334 689 et
373 645 428 688 de
463 644 564 688 aliis
593 644 813 686 aliaAEeri
841 659 920 701 per
959 658 1117 701 magos
1155 642 1409 697 videantur,
1453 641 1514 684 ita
1543 641 1663 683 vires

152 699 436 773 hujusmodi
437 728 489 756 ac
515 728 707 778 venerea
726 713 960 755 molimina
981 712 1126 754 multo
1153 711 1318 754 minori
1344 677 1532 753 artificio
1557 724 1663 752 con-

66 774 436 841 {spsfflndanturz
462 782 525 825 ita
557 782 679 824 enim
702 782 981 840 populariter
1004 781 1234 834 actitatur,
1263 785 1314 823 ut
1328 780 1424 838 jam
1452 779 1507 822 ab
1541 778 1663 821 rudi-

27 880 29 885 ,
64 848 246 909 {flius
261 851 517 910 quibusque
544 851 727 894 sciatur.
756 851 975 905 Cassatis,
1005 851 1212 908 inquam,
1248 865 1329 908 per
1356 864 1491 891 anum
1518 863 1662 906 quan-

151 918 294 965 damb
312 919 406 964 illis
425 919 578 979 pravis
600 920 789 974 artibus,
820 935 871 962 ea
898 920 985 962 fide
1006 918 1311 962 thalamorum
1334 917 1481 960 officio
1511 917 1663 959 deser-

62 990 113 1053 5
147 989 282 1044 vivit,
311 1004 400 1048 qua
426 988 649 1032 diutinam
671 988 979 1045 virginitatem
1007 988 1091 1031 sub
1124 991 1353 1031 tantarum
1374 985 1662 1029 animadver-

150 1057 331 1101 sionum
369 1057 625 1116 pulsatione
659 1057 872 1101 servavit.
914 1057 1042 1100 Felix
1081 1071 1244 1114 nempe
1283 1056 1411 1109 alias;
1446 1055 1492 1097 in
1525 1070 1577 1097 eo
1615 1070 1661 1096 se

22 1128 24 1130 ’
144 1125 338 1171 ’infinitae
364 1141 456 1169 non
477 1132 572 1170 tam
597 1126 790 1169 miseriae
805 1142 942 1185 quam
962 1125 1296 1169 miserabilitati
1311 1125 1500 1178 addixit,
1521 1124 1658 1182 quod,

151 1199 260 1239 tunc
307 1194 442 1250 bona,
488 1200 535 1239 et
581 1196 725 1238 multo
770 1195 917 1253 magis
967 1194 1258 1255 postmodum
1305 1193 1422 1236 bona
1465 1208 1658 1251 semper,

51 1317 61 1325 .
137 1263 340 1319 malum,
377 1269 423 1307 et
454 1264 628 1322 meipso
681 1264 949 1307 deteriorem
995 1279 1176 1322 semper
1218 1262 1425 1306 ediderit.
1467 1262 1534 1304 Tu
1574 1261 1662 1304 scis

150 1337 319 1388 tamen,
362 1332 678 1391 OmnipotenS,
708 1349 846 1392 quam
875 1348 1001 1391 pure,
1037 1347 1175 1391 quam
1217 1336 1375 1374 sancte
1411 1331 1661 1374 secundum

150 1405 197 1446 te
222 1415 296 1444 me
329 1401 604 1455 educaverit,
639 1406 834 1462 quantas
863 1402 1125 1460 gerulorum
1153 1401 1200 1443 in
1232 1400 1437 1454 infantia,
1468 1404 1661 1458 quantas

153 1464 439 1535 puerescenti
473 1470 653 1531 pusiolo
686 1471 799 1514 mihi
845 1471 1198 1530 paedagogorum
1243 1485 1294 1513 ac
1338 1469 1662 1527 magistrorum

152 1553 285 1590 curas
312 1538 586 1594 adhibuerit,
619 1538 733 1583 cum⁴
761 1555 852 1583 non
876 1540 1013 1583 etiam
1049 1555 1130 1598 pro
1168 1538 1437 1597 corpusculo
1463 1538 1661 1581 vestium

149 1622 318 1668 pompa
347 1607 587 1660 defuerit¹‚
613 1613 664 1652 ut
686 1609 836 1666 regios
865 1613 945 1653 aut
967 1608 1207 1652 comitivos
1233 1623 1397 1666 pueros
1430 1607 1661 1666 obsequiis

121 1675 427 1736 ‘'aequiparare
459 1677 651 1721 viderer.
687 1678 781 1721 Nec
826 1678 927 1731 soli,
966 1678 1174 1731 Domine,
1225 1677 1359 1720 matri
1403 1676 1661 1719 contuleras

46 1742 75 1758 ’“
104 1766 110 1770 -
149 1744 271 1801 hunc
305 1745 534 1801 affectum,
579 1746 659 1790 sed
698 1751 743 1791 et
774 1747 877 1790 aliis
909 1746 1148 1790 ditioribus
1186 1746 1331 1789 multo
1367 1745 1573 1804 personis
1611 1749 1687 1787 tuv

86 1834 99 1843 r
149 1813 444 1868 instinxeras,
466 1819 519 1858 ut
544 1830 636 1858 non
654 1820 750 1858 tam
772 1832 854 1874 pro
873 1810 1284 1873 consanguinitatis
1305 1814 1658 1866 necessitudine,

147 1897 288 1946 quam
313 1898 449 1926 causa
473 1884 630 1942 gratiae
655 1884 713 1927 ad
733 1884 818 1927 hoc
839 1900 862 1927 a
890 1889 936 1927 te
956 1884 1069 1926 mihi
1094 1884 1326 1942 praestitae,
1353 1884 1528 1926 cultum
1548 1882 1662 1926 mihi

150 1955 198 1995 et
222 1951 474 1995 nutrituras
499 1952 830 2012 impenderent.

210 2019 350 2073 Deus,
370 2024 420 2064 tu
439 2021 531 2064 scis
549 2026 718 2080 quanta
743 2022 930 2076 monita,
956 2026 1150 2080 quantas
1171 2021 1356 2064 auribus
1378 2021 1491 2064 meis
1502 2036 1659 2097 preces

148 2089 351 2150 quotidie
371 2089 638 2145 instillabat,
660 2106 716 2134 ne
743 2091 1046 2149 corruptionis
1067 2091 1323 2150 cujuspiam
1348 2090 1485 2133 verba
1513 2090 1658 2132 susci-

149 2172 318 2217 perem.
340 2158 558 2213 Docebat,
581 2160 831 2219 quotiensa
847 2160 967 2203 curis
991 2159 1289 2203 familiaribus
1314 2159 1510 2202 solitudo
1529 2174 1660 2202 vaca-

148 2225 243 2282 bat,
257 2228 485 2286 quomodo
500 2233 545 2272 et
556 2244 691 2287 super
701 2228 866 2288 quibus
878 2234 922 2272 te
935 2244 1061 2272 orare
1076 2229 1302 2273 deberem.
1321 2229 1387 2271 Tu
1399 2228 1520 2272 nosti
1535 2228 1659 2270 solus

149 2291 334 2354 quantis
384 2293 631 2353 angoribus
663 2294 935 2354 parturibat,
978 2310 1034 2337 ne
1073 2294 1199 2338 initia
1242 2295 1578 2337 florentissimae
1608 2310 1659 2337 ac

132 2360 426 2420 spectabilis,
457 2379 594 2422 quam
625 2368 676 2407 tu
702 2364 906 2419 dederas,
937 2363 1133 2406 aetatulae
1166 2363 1344 2407 animus
1383 2363 1501 2406 male
1523 2379 1659 2406 sanus

55 2438 58 2439 ’
80 2439 83 2442 “
147 2444 256 2474 sana
278 2435 572 2489 perverteret.
596 2433 703 2476 Voti
727 2433 825 2492 ejus
848 2438 899 2475 tu
924 2432 1110 2487 feceras,
1133 2437 1182 2476 ut
1202 2433 1260 2476 ad
1282 2438 1326 2476 te
1350 2433 1659 2475 indesinenter

144 2503 400 2554 aestuarem,
448 2500 665 2559 quatinus
701 2506 942 2560 praestares
980 2501 1205 2545 internam
1250 2502 1401 2545 decori
1444 2501 1511 2544 illi
1557 2516 1657 2544 meo

143 2646 146 2649 Δ
189 2621 223 2646 a.
243 2622 401 2655 manque
424 2613 470 2647 D.
489 2633 529 2638 —
549 2614 585 2647 b.
605 2615 804 2658 quamdam
822 2615 864 2648 D.

191 2784 222 2814 1.
246 2781 390 2822 Cf.1.1‚
413 2792 500 2815 c.1v
525 2810 532 2816 .
554 2784 745 2815 «Matrem
761 2794 872 2826 supet
888 2785 1095 2817 cultissimo
1113 2795 1275 2817 mearum
1299 2785 1458 2816 vestium
1476 2787 1654 2826 apparatu

150 2823 336 2865 tantisper
351 2824 597 2866 insurgebat
590 2826 901 2868 &[paedagogus]
