1930 3224
260 243 342 286 14⁴2
670 259 767 287 VEN.
805 257 998 287 GUIBERTI
1030 259 1136 288 VITAE
1167 261 1287 289 LIBER
1315 261 1356 289 ΙΙΙ

257 357 458 414 legitime
486 362 606 398 esset
626 357 943 414 progenitus¹;
973 357 1142 399 dictum
1169 359 1301 415 plane
1323 358 1407 400 sibi
1437 358 1595 411 fuerat,
1623 359 1747 416 quod

258 429 376 466 esset
402 424 635 467 naturalis.
664 424 712 465 In
735 440 822 481 quo
850 425 1046 481 capitulo
1075 441 1178 468 cum
1201 426 1304 483 plus
1329 442 1465 484 quam
1497 426 1543 468 in
1569 427 1741 470 caeteris

259 507 329 534 me
352 492 632 534 constantius
661 491 934 545 habuissem,
957 493 1200 549 praesertim
1226 509 1328 535 cum
1358 509 1491 551 super
1525 494 1612 536 isto
1638 494 1741 536 nul-

257 560 432 602 latenus
460 560 729 613 dubitarem,
763 559 877 602 dixit
903 574 1042 618 papa:
1084 578 1104 599 «
1146 561 1395 604 Perhibetis
1432 561 1742 604 testimonium

256 643 390 685 super
422 627 524 669 his‘?
563 627 688 670 »Cui
732 628 945 684 inquam:
979 644 999 668 <‹
1031 629 1096 670 De
1135 629 1306 671 caeteris
1341 629 1551 686 capitulis
1593 633 1733 682 taceo,

256 695 332 737 isti
352 700 502 737 tamen
528 695 717 737 fidenter
739 695 974 753 astipulor,
993 696 1114 753 quod
1127 712 1271 754 neque
1286 696 1346 739 sit
1362 696 1527 739 nothus
1541 698 1574 750 ²,
1593 696 1738 755 neque

258 763 451 820 spurius.
483 781 502 802 »
525 763 631 804 Haec
658 767 776 805 certe
800 763 864 805 sic
890 763 1062 820 objecta
1105 764 1313 806 dominus
1346 780 1459 822 papa
1491 779 1582 806 non
1607 764 1738 807 aliter

258 846 393 887 quam
417 831 614 873 diximus
647 831 918 874 retractavit.
954 831 1099 874 Causa
1134 837 1300 883 autem,
1329 837 1381 874 ut
1412 833 1519 874 haec‘
1538 832 1738 875 seriatim

256 898 318 941 ita
345 898 574 955 objiceret,
599 914 689 940 non
713 899 986 956 impediendi
1007 915 1110 941 eum
1142 899 1240 953 fuit,
1271 899 1350 942 sed
1385 900 1488 957 quia
1521 899 1738 942 Ansellus

258 966 486 1023 magister,
529 967 606 1025 qui
642 982 745 1009 eum
776 967 846 1008 his
882 967 1090 1009 omnibus
1110 972 1371 1020 arcesserat,
1416 967 1740 1026 impraesentia-

258 1042 390 1076 ruma
414 1039 523 1087 erat,
548 1040 614 1086 ut,
646 1035 767 1092 quod
793 1035 963 1077 scilicet
977 1035 1094 1077 clam
1111 1035 1299 1089 dixerat,
1324 1035 1361 1077 si
1375 1035 1488 1078 forte
1514 1035 1561 1077 in
1581 1035 1741 1078 faciem

260 1118 309 1144 ea
334 1102 508 1144 homini
533 1102 742 1145 illaturus
761 1103 1022 1146 insumeret.
1599 1140 1602 1142 ,

318 1170 418 1227 Ipse
455 1186 561 1213 vero
607 1171 834 1227 magister,
865 1171 1014 1213 altiori
1045 1171 1213 1214 intuitu
1247 1171 1490 1213 ambitione
1520 1169 1740 1229 palatino-

257 1254 357 1280 rum
387 1239 624 1296 -inspecta,
675 1254 765 1280 non
806 1239 905 1281 dico
949 1239 1119 1281 domini
1168 1255 1309 1296 papae,
1346 1238 1521 1281 clavam
1556 1237 1739 1281 Herculi

257 1312 521 1364 extorquere
557 1307 610 1349 de
650 1322 786 1349 manu
830 1306 1009 1349 difficile
1048 1307 1190 1350 duxit.
1228 1307 1417 1348 Domino
1459 1322 1566 1363 ergo
1601 1321 1733 1363 papa,
1794 1309 1797 1312 ’

255 1379 300 1417 et
326 1391 414 1428 me,
441 1375 478 1416 si
504 1375 649 1417 dicere
676 1375 879 1427 audeam,
904 1375 1150 1432 nugaciter,
1198 1375 1294 1432 ipse
1327 1374 1621 1417 scholasticus
1653 1373 1738 1415 niti

254 1443 413 1484 videns
473 1443 679 1484 dominos
723 1443 768 1484 in
819 1442 1049 1485 diversum
1098 1443 1416 1494 contradicere,
1466 1442 1732 1499 supersedit.

256 1510 390 1553 Omni
412 1511 549 1567 igitur
562 1510 682 1552 illico
698 1511 977 1553 discussione
993 1511 1152 1568 sopita,
1177 1511 1346 1552 electus
1369 1510 1444 1552 ille
1462 1510 1519 1552 ad
1538 1509 1738 1552 medium

261 1578 511 1632 deducitur,
542 1583 587 1620 et
609 1579 649 1620 ei
670 1594 693 1620 a
718 1578 898 1620 domino
925 1594 1040 1636 papa
1079 1579 1223 1636 gratia
1258 1577 1551 1635 pontificandi
1581 1591 1737 1619 conce-

260 1646 395 1689 ditur.
427 1647 583 1690 Soluto
612 1647 761 1703 itaque
791 1651 1030 1698 conventu,
1075 1651 1120 1688 et
1150 1662 1265 1704 papa
1299 1661 1494 1703 egresso,
1530 1660 1631 1687 ecce
1664 1659 1735 1686 me

260 1715 553 1757 cardinalium
595 1719 738 1756 coetus
799 1714 1074 1771 aggreditur,
1135 1713 1441 1770 multipliciter
1491 1713 1651 1755 ardens
1693 1717 1737 1754 et

257 1783 410 1825 dicens
431 1782 542 1824 mihi
566 1795 574 1825 :
608 1800 628 1822 «
653 1782 851 1824 Multum
878 1781 1009 1824 nobis
1034 1782 1298 1839 placuerunt
1323 1780 1458 1823 verba
1477 1785 1569 1823 tua.
1598 1797 1620 1820 »
1650 1778 1738 1831 Qui

255 1851 423 1907 placor,
451 1851 642 1892 Domine
659 1851 779 1892 Deus
803 1866 944 1902 meus,
964 1854 1012 1892 tu
1034 1850 1136 1903 scis,
1156 1850 1257 1907 quia
1274 1865 1363 1891 non
1381 1854 1471 1891 tam
1488 1848 1542 1891 de
1557 1848 1736 1906 elegan-

253 1919 316 1960 tia
339 1918 579 1960 verborum
610 1934 809 1960 meorum
838 1918 1108 1975 emergebat,
1137 1922 1353 1975 quantum
1377 1917 1429 1958 de
1460 1932 1538 1973 spe
1565 1916 1735 1973 optima

255 1987 542 2029 denariorum
586 1991 765 2029 extra...
820 1985 1067 2028 bensiumb
1103 1986 1267 2042 quibus
1307 1985 1383 2026 ille
1418 1984 1732 2026 suffarcinatus

253 2055 509 2096 advenerat.
540 2054 655 2096 Nam
682 2058 726 2096 et
752 2069 833 2111 ego
867 2059 911 2096 et
934 2053 1125 2096 coabbas
1164 2069 1291 2095 meus
1323 2052 1475 2095 Sancti
1506 2050 1731 2093 Vincentii

252 2122 479 2164 Adalbero
531 2127 721 2164 monetae
763 2121 963 2178 ejusdem
1005 2121 1255 2163 ferebamus
1297 2121 1486 2178 quisque
1526 2124 1736 2161 nostrum

255 2190 465 2232 vicenas⁰
496 2190 649 2243 libras,
695 2190 859 2246 quibus
897 2194 1051 2232 tantus
1078 2189 1413 2247 expectantium
1433 2188 1582 2229 hiatus
1603 2186 1732 2228 forsi—

253 2263 329 2300 tan
350 2259 558 2315 oppletus
585 2262 668 2309 est,
692 2262 735 2300 et
756 2257 856 2299 ideo
883 2257 1193 2318 adminiculari
1213 2257 1253 2299 ei
1279 2256 1463 2314 ejusque
1487 2254 1734 2297 adminicu-

252 2326 419 2369 latores
443 2325 669 2368 amabant.

292 2448 323 2469 a.
344 2437 661 2484 impresentiarum
681 2437 724 2468 D.
741 2455 779 2459 ——
797 2437 830 2468 b.
851 2438 877 2467 13
894 2437 947 2468 n'a
965 2447 1013 2483 pu
1031 2437 1095 2483 lire
1110 2446 1149 2467 ce
1162 2437 1237 2467 mot
1251 2436 1340 2466 dans
1358 2435 1391 2466 la
1421 2434 1535 2475 partie
1559 2433 1735 2473 mediane,

251 2482 287 2511 et
307 2482 391 2511 note
411 2479 458 2510 lt.
477 2497 518 2502 —
541 2489 570 2510 c.
591 2478 690 2509 Corr.
710 2479 754 2509 de
772 2479 799 2508 B
823 2481 873 2517 <et
892 2479 949 2519 D).
972 2487 1107 2509 vzcznas
1122 2478 1164 2508 X.

291 2622 320 2650 1.
346 2619 635 2649 Primitivement
666 2617 690 2648 il
714 2617 837 2648 n'etait
858 2627 920 2657 pas
940 2617 1098 2657 possible
1119 2627 1187 2647 aux
1215 2616 1363 2647 batards
1390 2613 1547 2646 d'entrer
1575 2615 1663 2646 dans
1683 2614 1734 2645 les

249 2661 372 2691 crdres
391 2660 628 2699 (Thomassin,
647 2668 703 2699 op.
724 2658 796 2697 cit„
816 2660 840 2690 t.
860 2658 902 2697 ΙΙ,
920 2669 953 2698 p.
974 2660 1057 2698 147).
1077 2657 1128 2688 En
1147 2661 1160 2687 1
1173 2659 1226 2688 '170
1244 2667 1383 2693 encore,
1403 2657 1453 2687 les
1474 2656 1669 2687 chanoines
1689 2656 1733 2686 de

249 2702 280 2732 la
297 2701 502 2732 cathedrale
521 2699 704 2731 d'Amiens
722 2701 889 2731 devaient
907 2701 981 2730 etre
1005 2699 1067 2730 nes
1085 2700 1129 2730 de
1152 2698 1310 2739 legitime
1332 2698 1488 2738 mariage
1508 2697 1578 2738 (Du
1601 2697 1731 2737 Gange,

251 2742 486 2781 Glossarium,
507 2744 531 2773 t.
549 2742 574 2780 1,
596 2752 630 2782 p.
647 2745 718 2780 616,
737 2741 804 2772 col.
826 2742 866 2782 l).

291 2787 320 2815 2.
344 2797 385 2811 =
401 2784 544 2815 Batai-d.

1920 611 1930 663 utum...
1926 566 1930 567 1
