1930 3224
577 274 674 303 vm.
712 274 907 303 (ιυιΒΕῐιίἰ
940 274 1048 302 vim:
1082 273 1202 302 [ABER
1237 273 1279 301 ιιι
1581 258 1663 300 175

150 363 307 427 derat,
336 372 393 416 ad
425 373 640 431 tragediae
663 373 797 432 hujus
826 378 1041 415 autoresa
1065 387 1244 430 precem
1281 371 1412 426 fudit,
1448 376 1499 414 ut
1522 372 1664 413 homi—

157 457 277 495 nem,
301 441 374 484 vel
391 441 495 500 quia
516 441 716 500 episcopi
740 452 906 484 nomen
932 446 977 484 et
997 441 1175 499 insigne
1194 440 1429 494 habuerat,
1468 440 1667 483 sinerent

153 525 334 569 quoque
352 510 543 553 humari.
570 510 656 552 Vix
680 515 902 553 annuunt.
929 510 1043 562 Quia
1066 525 1172 567 ergo
1203 509 1353 552 nudus
1379 508 1436 552 ad
1464 508 1664 552 tem-amb

155 578 316 622 canina
345 579 540 638 quadam
575 579 768 632 vilitate,
811 595 834 622 a
866 578 1140 637 vespertinis
1190 578 1311 621 seriae
1343 578 1510 636 quintae
1544 577 1666 620 horis

156 647 335 694 tertiam
356 647 540 691 crastini
561 647 650 690 diei
672 648 828 690 horam
852 663 998 706 usque
1024 647 1242 705 jacuerat,
1270 646 1455 704 jubetur
1480 646 1665 689 tandem

155 731 182 759 a
204 716 423 774 magistro
450 716 605 770 levari,
632 721 677 759 et
697 716 918 759 sabano⁶1
942 716 1196 775 superjecto
1223 715 1280 759 ad
1307 715 1523 759 Sanctum
1552 715 1663 757 Vin-

157 785 357 828 centium
377 785 616 844 deportari.
645 786 744 828 Dici
768 801 857 828 non
879 790 1031 844 potest
1056 789 1167 843 quot
1191 785 1342 839 minis,
1369 790 1480 843 quot
1509 784 1665 827 convi-

157 853 239 897 ciis
265 858 495 897 curatores
522 854 691 896 funeris
723 854 1016 912 urgebantur,
1041 859 1152 912 quot
1178 858 1383 896 mortuus
1410 854 1506 911 ipse
1528 853 1664 896 male-

157 921 270 966 dicis
287 921 638 981 illapidabaturd
653 923 976 966 sermonibuse.
992 922 1182 966 Delatus
1196 922 1252 965 ad
1267 923 1530 966 ecclesiam2
1550 922 1665 964 nihil

155 1006 342 1050 prorsus
363 990 525 1034 officiis
531 1027 540 1045 ,
555 1008 645 1034 non
666 991 766 1035 dico
781 993 902 1050 quod
920 992 1148 1051 episcopo,
1171 992 1248 1034 sed
1270 992 1391 1050 quod
1418 991 1662 1034 christiano

154 1065 432 1118 competeret
453 1061 499 1103 in
519 1062 722 1119 exequiis
751 1060 923 1104 habuit.
952 1062 1084 1103 Terra
1114 1061 1312 1119 receptui
1339 1060 1436 1118 ejus
1473 1061 1663 1103 semica-

154 1134 275 1182 vata,
305 1144 468 1188 corpus
492 1135 560 1172 est
582 1130 699 1172 intro
724 1129 849 1172 brevi
871 1130 1024 1172 tabula
1049 1129 1112 1172 sic
1134 1145 1460 1188 compressum,
1489 1135 1540 1172 ut
1563 1145 1663 1188 pec-

155 1202 230 1241 tus
253 1202 299 1240 et
330 1203 490 1240 venter
509 1215 647 1257 prope
675 1214 817 1257 usque
842 1198 897 1241 ad
924 1198 1145 1256 crepiturn
1166 1203 1458 1256 premeretur,
1489 1203 1534 1241 et
1560 1215 1663 1241 cum

156 1265 300 1309 malos
336 1266 647 1325 pollinctoreS‚
674 1272 726 1310 ut
776 1268 886 1318 dixi,
914 1267 1113 1320 haberet,
1145 1267 1201 1309 ad
1240 1268 1334 1310 haec
1361 1272 1480 1310 certe
1514 1268 1662 1310 adhuc

157 1350 183 1378 a
231 1335 529 1394 praesentibus
579 1337 898 1394 arguebantur,
944 1341 993 1379 ut
1023 1335 1323 1379 miserrimum
1363 1353 1524 1395 corpus
1572 1353 1661 1395 quo

155 1409 344 1462 possent
366 1405 559 1464 nequius
576 1410 882 1448 attrectarent.
929 1405 994 1447 Ea
1037 1395 1108 1446 die
1136 1406 1181 1447 in
1217 1406 1374 1448 eadem
1421 1406 1607 1449 ecclesia
1636 1421 1660 1448 a

158 1473 390 1516 monachis
414 1473 528 1516 nihil
566 1474 770 1517 divinum
796 1479 944 1518 actum
980 1478 1063 1518 est.
1090 1474 1177 1517 Sed
1201 1475 1311 1533 quid
1343 1475 1442 1518 dico
1478 1491 1529 1517 ea
1562 1474 1656 1518 die!

198 1641 231 1664 a.
250 1633 416 1664 auclores
431 1632 475 1664 D.
498 1651 538 1655 —
562 1632 595 1665 b.
618 1634 724 1664 lerrae
741 1634 784 1665 D.
810 1652 851 1656 —
864 1644 894 1665 e.
910 1633 1061 1665 salbano
1080 1635 1106 1665 Β
1126 1634 1175 1675 (et
1194 1634 1250 1674 D).
1270 1622 1309 1657 '—
1329 1634 1362 1666 d.
1383 1633 1602 1676 illapidatur
1616 1634 1658 1666 D.

157 1691 194 1697 —
212 1683 243 1706 e.
261 1673 494 1707 sermonibus
516 1674 768 1717 illapidatur-D
787 1694 826 1698 —
854 1675 880 1716 f.
907 1676 1006 1707 Corr.
1037 1676 1080 1707 de
1096 1676 1139 1708 D.
1160 1675 1284 1717 officio
1311 1676 1351 1707 B.

197 1903 227 1932 1.
252 1900 300 1932 Ce
324 1902 411 1938 mot,
428 1900 601 1941 d'origine
619 1910 785 1942 grecque,
820 1900 897 1932 desi
923 1897 969 1932 ne
986 1911 1033 1932 un
1048 1901 1156 1942 linge,
1178 1901 1224 1932 ici
1242 1912 1288 1932 un
1308 1901 1438 1933 suaire.
1642 1936 1645 1939 ,

196 1946 226 1974 2.
251 1942 421 1983 Dachery
439 1953 459 1974 a
481 1942 586 1983 copic'
614 1942 807 1983 l'epitaphe
831 1943 875 1974 de
935 1943 1037 1974 andri
1061 1944 1152 1975 dont
1178 1944 1210 1975 le
1236 1943 1405 1978 tombeau
1434 1953 1471 1974 se
1501 1943 1660 1975 trouvait,

155 1984 292 2016 devant
309 1982 430 2016 l'autel
447 1984 491 2015 de
509 1984 604 2015 saint
626 1984 757 2015 Benoit
775 1984 901 2026 (Notae,
922 1995 957 2026 p.
975 1985 1048 2026 658)
1066 1995 1073 2017 :

426 2038 578 2070 Fructus
596 2047 768 2079 amorque
792 2039 922 2079 gregis,
945 2039 1134 2079 ati-iusque
1153 2039 1330 2071 modestia
1347 2040 1438 2080 legis

511 2079 644 2111 Vivere
661 2081 746 2111 dum
764 2080 866 2112 licuit
884 2081 951 2112 iste
968 2081 1175 2112 Waldricus
1192 2081 1273 2114 fuit.

426 2121 561 2153 Praesul
579 2122 768 2162 prudentis
786 2133 895 2163 super
911 2122 982 2153 alta
1001 2123 1144 2163 negotia
1167 2123 1308 2155 mentis.

511 2163 682 2195 Ecclesia:
700 2164 852 2206 clypeus
871 2165 918 2195 sit
935 2174 1020 2195 suns
1045 2165 1127 2195 inde
1148 2164 1259 2197 Deus.

964 2206 1023 2237 vix
1042 2208 1137 2237 terra
1158 2207 1297 2248 reecpit

811 2250 992 2288 pastorem
1007 2248 1188 2289 jugulavit
1211 2249 1301 2280 ovis.

196 2300 243 2332 La
262 2300 380 2332 Gallia
397 2300 603 2332 Christiana
621 2303 659 2341 (t.
678 2301 738 2339 IX,
753 2302 818 2333 col.
839 2302 910 2341 528)
930 2302 1048 2332 donne
1067 2312 1135 2333 une
1153 2304 1254 2334 autre
1270 2302 1453 2344 epitaphe,
1473 2303 1659 2334 sansindi-

153 2342 273 2374 cation
289 2343 332 2374 dc
351 2353 477 2374 source
497 2353 504 2374 :

422 2395 634 2428 Proditione
648 2397 749 2437 jaces
769 2397 875 2437 vulgi,
894 2397 1127 2429 Gualdrice...
1282 2417 1284 2419 -

488 2438 636 2481 -Pastor
660 2439 874 2478 honestatis,
895 2438 1035 2470 fructus
1053 2449 1226 2480 amorque
1245 2441 1375 2481 gregis.

426 2479 614 2511 Pastorem
628 2480 813 2521 jugulavit
828 2481 948 2512 ovis...

842 2522 958 2554 ...Vix
981 2522 1048 2554 tibi
1069 2525 1163 2554 terra
1180 2524 1300 2555 datur.

425 2563 595 2595 Vincenti
615 2566 793 2605 martyr...

505 2605 559 2636 Tu
577 2615 720 2646 quoquc
738 2606 798 2646 qni
819 2605 961 2645 transis,
981 2616 1118 2647 quaeso,
1133 2610 1315 2639 memento
1334 2608 1458 2648 patris.

426 2647 652 2688 Quemque...
672 2648 767 2688 quod
789 2658 896 2679 vox...

509 2689 680 2720 Ecclesiae
700 2690 828 2729 praesul
836 2714 898 2722 .....

196 2741 270 2773 Des
288 2752 356 2773 une
374 2741 515 2784 epoque
537 2743 724 2782 ancienne,
753 2742 918 2784 l‘abbaye
941 2743 985 2774 de
1012 2743 1294 2776 Saint-Vinccnt
1318 2746 1437 2785 pai-ait
1459 2745 1561 2776 avoir
1579 2744 1656 2785 joni

153 2783 395 2866 gugssiifiwge
416 2785 459 2815 de
491 2785 606 2816 servir
637 2785 682 2815 de
712 2785 897 2826 sepulture
919 2795 987 2816 aux
1021 2785 1180 2827 eveques
1212 2787 1256 2817 dc
1284 2787 1379 2817 Laon
1398 2787 1458 2853 (H.
1475 2787 1526 2826 F.,
1547 2789 1571 2818 t.
1594 2787 1654 2825 lx,
