1930 3224
570 227 668 256 VEN.
705 227 898 255 Gullmu'rl
935 227 1039 256 vl'rAE
1073 227 1193 254 LIBER
1228 228 1255 255 11
1563 212 1645 255 127

145 326 304 370 mundi
323 325 766 369 abrenunciationem
790 326 999 383 spondet,
1022 341 1148 368 sacro
1165 341 1212 368 se
1225 325 1350 367 indui
1365 325 1524 368 habitu
1538 341 1646 383 pos-

143 395 275 440 tulat.
306 394 462 438 Abbas
489 395 564 437 ille
591 394 819 452 providuS,
847 399 891 436 et
917 394 972 436 de
1005 399 1188 452 experta
1207 394 1305 451 ejus
1328 394 1516 436 levitate
1542 410 1640 436 sus-

143 468 316 523 pectuS,
354 463 534 506 distulit
564 462 808 515 hominem,
846 467 890 505 et
928 462 1136 506 habitum
1159 478 1296 521 quem
1329 462 1511 520 petebat
1535 462 1642 504 dare

26 524 61 562 '³¹³³
82 551 87 554 ·
145 548 374 585 recusans,
395 532 513 574 intra
534 531 727 574 coenobii
745 536 898 574 tamen
924 531 1168 588 penetralia
1197 531 1430 574 transtulit
1454 547 1642 589 aegrum.

145 601 353 660 Cumque
379 601 466 643 sibi
499 600 706 643 morbum
736 600 1045 656 ingravescere
1073 600 1400 658 praesensisset,
1431 600 1645 643 abbatem

143 670 419 729 aggreditur,
450 673 495 712 et
517 669 707 712 schema.
726 669 1042 712 monachicum
1067 669 1224 712 multis
1255 668 1645 727 deplorationibus

146 739 203 783 ab
219 753 289 792 e0,
313 738 442 798 quasi
472 737 612 780 vellet
650 738 806 790 nollet,
833 739 1038 781 extorsit.
1068 737 1136 779 Ex
1162 739 1326 795 adepto
1347 738 1503 796 itaque
1524 738 1645 796 quod

146 808 478 852 desideraverat
495 806 656 859 laetior,
694 807 964 864 parvissimo
1003 806 1219 864 temporis
1254 807 1401 864 spatio
1436 823 1482 849 se
1512 806 1645 848 solito

145 876 342 936 quietius
361 891 493 934 agere
520 875 774 919 videbatur.
805 876 928 918 Tunc
962 880 1146 933 repente
1175 876 1327 918 nescio
1366 891 1456 934 quo
1491 875 1645 918 divino

146 950 296 989 motus
316 945 550 997 instinctu,
591 944 804 987 abbatem
836 945 1100 997 accersiens,
1135 944 1232 987 ait:
1269 963 1288 984 «
1322 944 1453 997 Jube,
1499 949 1642 1002 pater,

144 1013 419 1057 sollieitam³
437 1019 539 1057 tuos
557 1013 720 1055 habere
735 1009 997 1056 custodiam
1010 1013 1098 1055 mei
1116 1027 1124 1066 ;
1151 1013 1266 1056 scias
1284 1013 1405 1056 enim
1426 1029 1507 1071 pro
1524 1018 1646 1056 certo

144 1082 332 1126 evidens
361 1082 536 1142 aliquot
577 1082 737 1124 diebus
773 1082 883 1124 mihi
920 1082 1155 1124 imminere
1198 1082 1419 1140 judicium
1456 1082 1567 1125 Dei:
1599 1087 1647 1124 tu

144 1151 369 1210 siquidem
393 1156 437 1194 et
458 1151 524 1194 tui
548 1151 789 1209 plurimam
810 1151 865 1193 de
888 1167 957 1193 me
975 1151 1369 1208 importunitatem
1389 1150 1642 1208 patiemini,

145 1220 226 1263 sed
258 1220 470 1263 diurnum
496 1236 588 1262 non
615 1235 714 1262 esse
746 1220 955 1272 scientes,
986 1235 1140 1278 quaeso
1172 1235 1228 1262 ne
1269 1219 1588 1262 molestemini.
1622 1238 1641 1258 »

146 1288 247 1341 Quo
267 1289 437 1342 audito,
459 1288 599 1332 abbas
619 1288 741 1331 haud
760 1289 950 1347 pavidos
975 1287 1054 1332 eth
1089 1288 1332 1346 vigilantes
1359 1289 1399 1331 ei
1433 1288 1646 1346 praecepit

146 1357 344 1416 delegari
364 1357 591 1402 custodes,
626 1358 720 1400 Nec
755 1373 875 1400 mora
918 1357 1176 1400 daemonum
1206 1358 1414 1400 examina
1443 1357 1644 1415 undique

145 1426 320 1471 infinita
352 1427 399 1470 in
430 1427 582 1485 ipsum
608 1427 789 1479 irruere,
824 1426 1006 1479 vellere,
1048 1442 1127 1485 per
1157 1426 1415 1485 pavimenta
1442 1431 1640 1484 prostra-

143 1500 240 1540 tum
282 1496 534 1550 detrahere,
587 1496 739 1553 ipsum
781 1511 962 1554 quoque
1002 1511 1178 1538 sacrum
1217 1495 1424 1538 habitum
1462 1511 1565 1538 cum
1603 1495 1644 1538 ei

144 1564 301 1624 rapida
320 1565 535 1608 violentia
560 1569 827 1623 extorquere
846 1564 1127 1617 molirentur,
1155 1564 1231 1606 ille
1246 1565 1470 1623 capicium
1490 1569 1642 1607 tenere

143 1634 371 1687 dentibus,
419 1633 615 1686 brachia,
661 1649 716 1676 ne
746 1633 1004 1686 velleretur,
1044 1633 1282 1690 stringere,
1323 1649 1518 1692 cumque
1558 1634 1642 1676 hac

146 1703 368 1746 horrenda
396 1703 577 1746 miseria
610 1702 694 1745 sub
729 1702 983 1745 miserando
1014 1701 1184 1760 ejulatu
1210 1702 1405 1745 maxime
1433 1702 1642 1745 noctibus

144 1776 396 1830 urgeretur,
440 1771 716 1830 aliquotiens
759 1777 910 1814 tamen
952 1771 1148 1813 interdiu
1196 1771 1510 1814 recedentibus
1553 1771 1645 1814 illis

146 1840 376 1899 paulisper
425 1841 655 1899 quiescere
707 1840 954 1883 sinebatur.
1012 1841 1136 1882 Tunc
1189 1840 1323 1898 plane
1378 1840 1646 1898 interrogari

145 1914 338 1968 poterat,
363 1909 557 1968 qualiter
584 1910 630 1951 in
658 1909 736 1952 illo
764 1913 1074 1968 tempestuoso
1106 1909 1289 1966 negotio
1323 1925 1427 1952 cum
1459 1925 1511 1952 eo
1538 1925 1645 1967 age-

146 1977 294 2022 batur.
348 1978 494 2022 Multa
534 1983 642 2022 tunc
691 1978 745 2021 de
787 1978 1019 2035 spiritibus
1070 1978 1320 2031 hominum,
1372 1994 1486 2036 quos
1549 1978 1646 2036 ipse

147 2051 351 2101 noverat,
378 2052 424 2091 et
443 2063 556 2106 quos
584 2047 625 2089 ei
664 2052 908 2105 praesentes
933 2046 1251 2105 suggerebant,
1286 2047 1415 2105 quasi
1437 2063 1513 2090 eos
1538 2063 1646 2090 con-

149 2116 330 2174 spicuos
346 2116 546 2169 haberet,
568 2116 850 2174 loquebatur.

207 2185 338 2238 Quod
357 2200 461 2228 cum
483 2185 684 2228 audisset
704 2185 866 2227 mulier
890 2185 1098 2242 quaedam
1116 2184 1268 2238 vidua,
1293 2201 1394 2243 quae
1415 2186 1469 2228 de
1497 2185 1647 2228 mariti

148 2253 218 2296 sui
235 2254 398 2297 animae
417 2254 614 2312 periculo
639 2253 884 2306 metuebat,
916 2259 961 2296 et
986 2254 1137 2295 minus
1168 2269 1248 2311 pro
1283 2254 1442 2296 eodem
1469 2254 1641 2307 orabat,

145 2323 375 2366 consuluit
395 2339 515 2375 eum,
545 2327 699 2365 utrum
725 2338 805 2380 pro
837 2338 917 2364 suo
955 2321 1148 2379 conjuge
1187 2322 1276 2364 sibi
1306 2339 1433 2365 orare
1468 2322 1639 2375 liceret,

143 2395 188 2434 et
207 2391 245 2434 si
272 2391 368 2450 ipse
389 2392 498 2450 quid
524 2391 600 2434 ille
617 2397 783 2450 ageret,
807 2391 954 2437 sciret,
980 2391 1043 2433 At
1064 2391 1140 2433 ille
1160 2405 1168 2435 2
1204 2409 1223 2431 «
1252 2391 1436 2444 Quidni,
1462 2392 1644 2450 inquit?

146 2459 232 2503 Ora
263 2475 418 2502 secure
451 2476 531 2518 pro
563 2475 641 2514 θος
662 2476 766 2502 nam
800 2459 933 2517 paulo
963 2463 1067 2502 ante
1094 2459 1167 2501 hic
1200 2459 1301 2502 fuit.
1338 2479 1358 2500 »
1384 2461 1646 2518 Aliquantis

146 2520 253 2586 ergo
289 2528 450 2571 diebus
483 2529 624 2572 tantis
668 2528 907 2571 tormentis
946 2528 1170 2581 addictus,
1211 2529 1394 2571 tandem
1436 2529 1645 2588 perfectae

147 2597 290 2655 quieti
311 2597 528 2640 redditur.
552 2597 669 2639 Nam
693 2598 778 2640 etsi
799 2596 1072 2654 aliquotiens
1093 2597 1212 2639 inter
1234 2598 1498 2655 patiendum
1532 2615 1645 2656 pau—

148 2681 245 2708 sare
261 2658 515 2719 videbatur,
532 2682 635 2708 mox
655 2671 804 2709 tamen
823 2681 846 2708 e
867 2665 1129 2724 parietibus,
1148 2682 1171 2709 e
1188 2670 1307 2708 terra
1327 2668 1645 2726 undecumque

189 2798 221 2820 a.
239 2787 419 2820 solicitam
438 2788 481 2820 D.
496 2806 537 2812 -
554 2788 588 2820 b.
607 2788 669 2819 sed
693 2788 735 2819 D.
