1930 3224
721 530 1078 574 APPENDICE
1114 532 1131 574 Ι

523 713 660 741 ΤΕΧΤΕ
691 713 746 742 DE
779 698 1042 742 L'OBITUAIRE
1074 713 1128 742 DE
1160 713 1271 742 LAON
1291 700 1321 743 ¹.

235 821 358 879 [V110
379 821 479 866 Kal.
510 821 670 864 maii...
704 821 866 865 Obitus
888 822 1128 875 Waldrici,
1155 822 1428 864 venerabilis
1455 823 1670 880 episcopi,

173 889 229 932 de
243 905 333 948 quo
354 889 576 933 habemus
598 890 737 933 altare
759 890 812 933 de
834 891 994 933 Moissi
1008 891 1039 934 2.
1066 917 1124 922 —
1146 891 1230 933 Hic
1250 891 1335 944 vir,
1356 892 1508 950 magni
1525 892 1673 934 cordis

172 958 286 1002 etin
307 958 586 1002 secularibus
619 964 845 1013 strenuus,
878 959 955 1018 qui
981 959 1150 1002 civium
1185 959 1555 1002 Laudunensium
1583 961 1674 1002 exi-

171 1031 305 1085 gente
347 1027 573 1086 superbia,
616 1028 709 1070 suis
743 1028 1015 1086 quibusdam
1047 1021 1255 1086 'privatis
1296 1027 1473 1086 legibus
1516 1029 1673 1072 urbem

170 1096 445 1154 regencium,
463 1112 542 1154 per
561 1097 785 1139 illustrem
801 1097 987 1139 Francie
1003 1112 1154 1154 regem
1171 1097 1453 1139 Ludovicum
1470 1098 1672 1156 aliosque

168 1165 312 1223 patrie
349 1181 555 1224 proceres
592 1166 938 1208 Laudunensem
971 1166 1228 1223 procuravit
1271 1167 1438 1208 cassari
1472 1182 1674 1209 commu-

169 1233 308 1277 niam.
335 1234 401 1276 Ex
428 1250 518 1292 quo
541 1234 765 1277 dictorum
786 1234 954 1276 civium
970 1249 1059 1276 non
1069 1234 1164 1292 jam
1185 1235 1266 1287 ira,
1282 1234 1362 1276 sed
1382 1235 1503 1278 rabie
1526 1235 1674 1278 ferali-

169 1306 240 1344 ter
264 1302 466 1354 incitata,
496 1303 690 1345 eundem
713 1303 975 1360 episcopum
999 1318 1050 1345 ac
1080 1303 1415 1358 ministeriales,
1437 1320 1551 1362 quos
1578 1320 1673 1347 cas-

169 1370 391 1414 tellanum
411 1387 590 1429 quoque
614 1376 659 1414 et
673 1371 1009 1414 vicedominum
1029 1387 1131 1414 cum
1147 1371 1246 1414 aliis
1267 1372 1391 1414 urbis
1413 1373 1673 1429 proceribus

169 1439 411 1483 crudeliter
433 1455 484 1483 ac
511 1440 703 1498 turpiter
728 1440 1025 1494 trucidarunt,
1051 1441 1168 1483 sicut
1187 1441 1231 1483 in
1257 1445 1417 1498 quarto
1446 1441 1669 1495 Guiberti,

170 1508 347 1552 abbatis
368 1508 630 1566 Novigenti,
657 1509 742 1550 viri
763 1508 961 1566 religiosi
975 1525 1025 1551 ac
1053 1524 1215 1566 magne
1230 1510 1528 1564 auctoritatis,
1557 1510 1672 1553 libro

169 1577 349 1636 plenius
387 1577 644 1620 continetur
665 1578 751 1619 hiis
775 1577 925 1620 verbis
954 1578 983 1636 z]
1006 1605 1065 1609 —
1093 1579 1146 1636 [e.
1189 1578 1311 1636 VII].
1340 1578 1505 1636 Ruptis
1534 1579 1673 1637 igitur

169 1646 463 1689 comunitatis
494 1645 693 1704 predicte
739 1646 979 1699 federibus,
1019 1652 1175 1690 tantus
1214 1647 1337 1689 furor
1374 1647 1669 1704 burgensium

169 1715 302 1758 corda
343 1715 575 1773 corripuit,
617 1720 668 1757 ut
709 1714 922 1757 omnibus
955 1716 1120 1758 clausis
1158 1715 1396 1758 venalibus
1433 1716 1478 1757 in
1506 1732 1672 1759 vnecem

166 1783 366 1842 episcopi
386 1788 432 1826 et
451 1783 722 1841 complicum
747 1783 844 1841 ejus
865 1784 970 1826 dato
994 1785 1186 1827 invicem
1208 1784 1466 1842 juramento
1491 1786 1672 1843 conspi-

166 1857 332 1896 rarent.
371 1879 429 1884 —
452 1852 506 1910 [c.
562 1852 675 1894 VIII
679 1852 691 1908 Ἴ,
729 1852 851 1894 Inter
880 1869 993 1910 quos
1020 1858 1115 1895 erat
1150 1853 1286 1895 homo
1312 1853 1666 1908 funestissimus,

169 1921 349 1964 nomine
370 1920 703 1978 Teudegaldus,
727 1921 914 1964 ecclesie
931 1919 1058 1964 Beati
1078 1922 1306 1964 Vincentii
1324 1923 1469 1980 capite
1488 1939 1668 1975 census,

126 1997 130 2000 ’
169 1990 445 2048 Ingelramni
482 1989 815 2032 Codiciacensis
854 1991 931 2032 diu
965 1990 1170 2033 officialis
1217 1996 1352 2049 atque
1395 1992 1669 2049 prepositus,

168 2059 246 2117 qui
266 2059 548 2102 transitorias
568 2058 860 2101 redibitiones
884 2060 1004 2117 apud
1034 2065 1235 2118 pontem,
1268 2060 1346 2118 qui
1375 2060 1535 2103 Soordi
1564 2060 1672 2103 dici-

168 2132 258 2181 tur,
296 2127 559 2179 observans,
603 2121 955 2170 commeantium
999 2129 1272 2186 paucitatem
1316 2145 1562 2187 aucupans,
1590 2145 1667 2172 eos

168 2196 302 2239 rebus
341 2196 551 2238 omnibus
594 2196 817 2254 spoliabat
849 2202 893 2239 et
925 2213 980 2240 ne
1014 2197 1193 2255 quando
1229 2198 1294 2240 eis
1329 2203 1486 2240 contra
1521 2199 1671 2256 ipsum

166 2265 453 2323 interpellare
482 2265 636 2307 liceret
659 2270 842 2307 enectos
869 2266 916 2307 in
937 2266 1121 2308 flumine
1150 2266 1519 2324 supplumbabat.
1561 2267 1670 2309 Fur-

164 2328 330 2389 torum',
353 2333 690 2376 latrociniorum
712 2334 808 2391 ejus
841 2350 1052 2377 numeros
1079 2351 1182 2377 cum
1209 2335 1267 2378 sit
1288 2335 1450 2378 referre
1481 2335 1666 2387 nullius,

163 2403 312 2445 cordis
335 2403 580 2461 nequicias,
608 2402 737 2446 vultu
757 2404 1013 2446 teterri1n0³
1031 2403 1297 2462 preferebat.
1321 2404 1363 2446 Is
1384 2405 1431 2446 in
1450 2405 1669 2446 offensam

163 2470 368 2514 incidens
400 2472 691 2529 Ingelramni,
734 2477 880 2515 totum
911 2488 958 2514 se
1010 2473 1066 2515 ad
1110 2474 1416 2515 communiam
1460 2473 1669 2515 Lauduni

207 2594 239 2616 a.
260 2585 444 2617 telier-imo
464 2595 530 2616 ms.

210 2719 238 2764 ,¹-
268 2716 362 2764 Bibl.
382 2717 426 2747 de
446 2717 554 2750 Laon.
574 2728 638 2748 ms.
662 2719 733 2753 311,
753 2728 787 2765 p.
807 2710 1100 2750 96-97.Ecritu1·e
1118 2719 1164 2749 du
1184 2726 1259 2749 xmc
1276 2718 1396 2757 siecle,
1423 2718 1505 2749 saus
1528 2719 1561 2749 la
1585 2727 1668 2758 pre-

170 2757 281 2789 miere
300 2759 405 2798 ligne.
423 2777 462 2782 —-
480 2759 534 2791 Cs.
555 2759 823 2798 Introduction,
844 2771 877 2800 p.
898 2771 1071 2791 ,ηιμ-κω.

211 2802 240 2831 2.
266 2799 463 2831 Commune
479 2801 525 2831 dn
545 2804 676 2832 canton
695 2802 738 2832 de
757 2799 933 2841 Craonne,
954 2813 1022 2834 arr.
1039 2803 1083 2833 de
1103 2803 1211 2837 Laon,
1229 2801 1306 2842 dep.
1330 2802 1372 2832 dc
1394 2801 1541 2833 l'Aisno.
