1930 3224
284 229 339 273 62
694 244 792 274 VEN.
829 243 1019 273 GUIBERTI
1053 245 1159 274 vim
1191 245 1310 274 LIBER
1342 246 1355 274 1

282 341 438 384 itidem
461 358 486 384 a
512 346 638 400 tergo
671 342 768 399 ejus
804 341 921 384 fecit.
967 343 1074 385 Inde
1106 359 1396 401 consurgens,
1432 359 1533 386 cum
1573 344 1767 402 plurima

281 410 410 468 quasi
447 409 833 452 animadversione
881 414 1090 467 protenta
1122 427 1259 453 manu
1297 425 1307 455 :
1352 430 1373 452 «
1418 412 1563 466 Hanc,
1599 412 1763 471 inquit,

282 478 516 520 ecclesiam
534 494 615 534 ego
626 477 825 530 institui;
850 493 937 535 qua
951 486 969 504 ἃ
998 479 1168 522 ratione
1188 480 1331 537 patiar
1353 480 1538 522 destitui
1551 481 1571 523 ‘2
1592 497 1612 520 »
1633 481 1691 524 Et
1709 481 1766 524 ad

283 562 354 588 me
381 546 571 588 subinde
597 546 934 588 serenissimum
963 546 1181 603 pietatum
1202 547 1412 604 signifera
1436 532 1634 604 dirigens
1656 564 1763 592 ocu-

282 614 393 666 lum,
415 614 797 671 clarissimamque
829 614 1059 656 dexteram
1089 627 1098 657 t
1130 633 1149 654 «
1179 616 1327 668 Hunc,
1362 616 1440 668 ait,
1472 616 1558 658 huc
1578 617 1765 670 adduxi,

282 687 326 724 et
352 682 622 723 monachum
645 682 746 734 feci,
778 697 912 739 quem
938 682 1063 724 nullo
1085 683 1216 725 modo
1240 684 1385 741 patiar
1409 683 1513 726 hinc
1532 683 1694 728 abduci
1720 702 1760 728 .»

283 750 389 792 Haec
405 750 561 792 eadem
577 750 713 792 verba
725 749 906 807 praefata
918 755 1021 807 post
1035 750 1209 808 ipsamb
1224 752 1320 808 pari
1341 751 1472 794 modo
1493 752 1762 811 pedissequa

283 817 526 860 astruebat.
566 818 751 860 Dixerat
775 823 937 875 potens
966 818 1060 871 illa,
1093 823 1137 861 et
1160 819 1278 862 dicto
1309 820 1495 862 celerius
1517 820 1664 863 omnis
1683 820 1760 863 illa

281 885 499 928 desolatio
519 891 557 929 et
576 886 765 928 vastitas
786 886 842 928 ad
865 886 1091 943 integrum
1106 892 1335 944 reparatur
1354 903 1540 946 quaeque
1554 888 1764 945 primitus

281 954 533 1007 videbatur,
563 959 608 996 et
635 959 909 996 staturarum
935 954 1012 996 illa
1032 955 1227 997 enormis
1246 955 1496 1009 modicitas,
1520 971 1611 998 non
1630 956 1763 999 modo

281 1027 559 1075 caeterorum,
591 1022 670 1064 sed
706 1027 749 1064 et
782 1038 878 1064 mea
912 1023 1113 1079 potentia
1139 1023 1317 1066 favente
1341 1023 1544 1081 jubentis
1575 1024 1762 1081 imperio

282 1090 338 1132 ad
377 1091 579 1147 regulam
611 1091 888 1133 emendatur.
925 1090 1069 1147 Hujus
1105 1091 1214 1133 mihi
1247 1091 1433 1134 visionis
1472 1092 1632 1134 seriem
1661 1108 1763 1135 cum

283 1164 426 1201 mater
456 1158 913 1219 providaretulisset,
946 1174 1048 1201 cum
1082 1159 1222 1201 multa
1249 1159 1387 1202 animi
1418 1160 1762 1217 compunctione

282 1232 326 1268 et
345 1227 587 1283 lachrymis
607 1231 732 1269 tanta
758 1227 893 1269 verba
917 1227 1182 1284 suscipiens,
1214 1227 1259 1269 in
1285 1232 1459 1270 tantam
1484 1227 1763 1285 vagabundae

282 1294 567 1352 cogitationis
590 1295 834 1348 licentiam,
868 1294 950 1337 sub
978 1299 1071 1337 tam
1097 1295 1406 1338 desiderabilis
1426 1296 1588 1338 somnii
1606 1300 1761 1339 tenore

281 1363 478 1415 cohibui,
514 1368 563 1405 ut
601 1379 884 1421 nequaquam
917 1363 1167 1421 cujuspiam
1211 1363 1395 1406 alterius
1428 1364 1522 1422 jam
1565 1365 1764 1407 traherer

280 1430 529 1473 intentione
549 1431 755 1474 coenobii.
1585 1433 1594 1448 ²

338 1499 444 1541 Haec
480 1505 523 1542 et
558 1500 627 1541 his
658 1499 837 1552 similia,
867 1515 892 1541 o
920 1500 1126 1552 Domine,
1169 1500 1364 1542 coelestis
1393 1500 1539 1543 Mater
1564 1499 1756 1557 imperii,

282 1582 415 1624 super
460 1573 746 1627 peccatorum
784 1583 985 1609 meorum
1035 1568 1231 1621 horrore,
1277 1583 1412 1624 super
1451 1568 1761 1626 ⁴innumerabi-

278 1635 410 1689 libus,
442 1636 604 1693 quibus
642 1652 665 1678 a
702 1640 779 1677 tuo
815 1650 964 1677 amore
993 1640 1038 1678 et
1068 1636 1251 1678 servitio
1284 1636 1470 1689 descivi,
1499 1636 1754 1694 apostasiis,

278 1719 434 1746 ansam
466 1705 521 1746 ad
545 1709 588 1746 te
624 1703 839 1746 redeundi
865 1703 1117 1756 conferunt,
1144 1703 1252 1745 dum
1281 1704 1406 1757 mihi,
1440 1719 1539 1746 meo
1565 1719 1762 1761 praecan-

280 1776 401 1814 tatur
435 1788 459 1814 a
502 1772 651 1825 corde,
692 1771 997 1829 amplissimos
1040 1772 1379 1814 clementiarum
1417 1776 1596 1814 tuarum
1634 1771 1761 1814 sinus

279 1840 385 1882 ullis
423 1840 696 1898 flagitiorum
745 1855 944 1881 meorum
981 1839 1176 1882 molibus
1221 1839 1433 1897 praecludi
1474 1854 1564 1881 non
1607 1855 1757 1896 posse.

279 1908 508 1951 Recordor
528 1908 663 1950 etiam
688 1922 879 1964 semper,
912 1907 1108 1949 coelestis
1134 1907 1344 1961 Domina,
1379 1907 1483 1965 quia
1519 1922 1620 1949 cum
1655 1922 1761 1965 pue-

279 1977 405 2018 rulus
426 1977 528 2018 huic
548 1976 816 2018 assumendo
838 1975 1012 2018 habitui
1035 1975 1295 2033 aspirarem,
1317 1980 1448 2017 nocte
1469 1974 1663 2033 quadam
1681 1990 1761 2032 per

278 2044 426 2086 visum
448 2045 492 2086 in
512 2045 698 2086 ecclesia
720 2044 786 2086 tui
805 2043 1000 2086 nominis
1021 2058 1159 2096 eram,
1177 2048 1221 2085 et
1237 2042 1474 2085 videbatur
1494 2042 1620 2096 mihi,
1641 2042 1761 2100 quod

277 2128 301 2154 a
323 2112 495 2154 duobus
516 2112 571 2154 ab
606 2112 703 2169 ipsa
728 2111 960 2154 auferebar
996 2111 1292 2164 daemonibus,
1328 2126 1520 2169 cumque
1552 2110 1609 2153 ad
1641 2109 1760 2153 basi-

278 2180 373 2222 licae
388 2196 458 2222 me
482 2180 710 2236 fastigium
733 2179 1017 2233 extulissent,
1039 2178 1324 2236 aufugerunt,
1343 2184 1387 2221 et
1407 2179 1626 2220 intactum
1642 2178 1760 2220 intra

281 2248 481 2305 ejusdem
509 2252 635 2305 septa
665 2248 863 2290 ecclesiae
884 2247 1165 2289 dimiserunt.
1203 2246 1308 2289 Haec
1338 2246 1617 2299 multotiens,
1651 2245 1759 2288 dum

278 2332 425 2358 meam
468 2316 643 2358 intueor
696 2315 1146 2372 incorrigibilitatem,
1201 2314 1476 2363 reminiscor,
1524 2319 1569 2356 et
1604 2313 1761 2356 eadem

277 2389 458 2441 peccata
481 2383 644 2440 saepius
677 2388 846 2441 repeto,
871 2383 1040 2424 immoc
1083 2382 1291 2439 pessimis
1320 2382 1473 2440 pejora
1512 2381 1756 2438 superferO,

277 2452 334 2494 ad
370 2457 428 2503 te,
474 2451 699 2503 Piissima,
738 2467 816 2508 pro
847 2450 1054 2493 evitando
1098 2450 1244 2492 solum
1286 2449 1610 2507 desperationis
1644 2449 1756 2506 peri-

277 2520 394 2572 culo,
431 2534 519 2560 non
550 2519 697 2560 nimiae
727 2519 822 2576 spei
847 2523 923 2560 aut
948 2517 1138 2574 alicujus
1165 2533 1314 2574 parvae
1339 2516 1513 2559 fiduciae
1543 2516 1758 2559 abusione

276 2603 467 2629 recurro.
509 2587 605 2629 Etsi
642 2586 761 2629 enim
801 2601 976 2642 semper
1020 2601 1075 2627 ex
1118 2585 1317 2642 impulsu
1364 2584 1633 2642 fragilitatis,
1668 2599 1757 2626 non

276 2655 493 2712 superbiae
531 2654 830 2696 obstinatione
870 2654 1097 2711 delinquo,
1146 2668 1272 2710 spem
1311 2657 1461 2694 tamen
1501 2652 1758 2694 nullatenus

314 2789 345 2810 a.
369 2778 467 2809 Corr.
485 2779 528 2809 de
545 2779 572 2808 B
592 2778 641 2819 (et
658 2778 714 2818 D).
731 2787 842 2818 quam
869 2778 911 2807 X.
931 2794 969 2799 —
987 2776 1021 2807 b.
1045 2777 1121 2817 ipsa
1142 2777 1183 2807 D.
1204 2793 1244 2798 —
1261 2786 1290 2807 c.
1317 2775 1386 2806 ιἰηὸ
1409 2775 1453 2807 D.
