1930 3224
575 250 675 282 VEN.
711 250 905 279 uuluam}
943 251 1049 279 vim:
1081 250 1202 278 LIBER
1236 250 1280 278 ιιι
1581 235 1667 277 205

163 356 268 396 ante
291 351 478 394 cortinis
499 366 598 393 sese
619 354 927 408 protexerant,
955 365 1010 392 ne
1025 357 1043 376 ἃ
1067 365 1165 392 esse
1193 363 1348 391 eorum
1379 347 1668 405 proderetur.

163 420 415 479 Episcopus
430 434 537 462 vero
559 419 751 477 nudipes
766 419 822 462 ad
843 419 1061 462 Sanctum
1077 417 1299 460 Aceolum
1317 416 1327 445 ¹
1349 431 1440 458 non
1461 421 1570 458 tunc
1584 431 1665 472 pro

163 489 250 532 hoc
275 487 588 531 exaudiendus
611 488 797 532 abierat.
831 488 1004 530 Interea
1033 492 1263 529 turrenses
1296 484 1566 543 permittunt
1591 499 1668 526 eos

164 573 213 601 se
236 556 379 599 muris
410 556 631 614 ingerere,
656 556 889 599 machinas
913 556 1168 598 admovere.
1203 553 1377 606 Quibus
1416 552 1661 611 applicitis,

162 626 422 670 Alerannus
435 625 617 684 quidam
627 660 636 678 ,
649 625 808 667 talium
824 624 1144 683 peritissimus,
1161 623 1273 665 duas
1285 638 1398 681 quas
1410 622 1669 664 instituerat

165 693 419 754 phalaricas
439 693 642 752 opponit,
670 698 714 736 et
737 698 896 752 quater
913 693 1095 735 vicenas
1117 707 1229 750 pene
1252 691 1463 734 mulieres
1483 690 1538 733 ad
1561 705 1669 732 saxa

163 778 264 823 quae
279 762 557 820 imposuerat
578 762 876 820 intorquenda
893 761 1107 819 disponit.
1136 760 1309 803 Milites
1331 764 1481 802 autem
1502 758 1670 801 interni

166 835 324 875 contra
349 835 562 874 externos
600 831 752 889 praelia
781 831 986 873 cominus
1016 845 1122 873 ense
1160 828 1427 872 tractabant.
1460 827 1667 886 Cumque

167 899 390 944 Achilleis
418 899 582 942 animis
613 916 692 942 sua
721 900 1056 958 propugnacula
1094 898 1395 950 defensarent,
1436 897 1665 950 mulieres,

164 968 276 1012 viris
296 968 641 1027 aequiparanda),
676 968 827 1010 missis
861 984 915 1010 ex
948 972 1172 1023 tormento
1196 965 1423 1025 lapidibus
1456 970 1671 1023 utrasque

165 1036 501 1096 confregerunt,
520 1042 580 1090 et,
600 1037 878 1079 fervescente
889 1037 1015 1095 jactu
1030 1036 1287 1089 missilium,
1306 1039 1465 1094 quater
1480 1034 1667 1087 vicenis,

164 1110 217 1149 ut
233 1106 427 1148 relatum
447 1110 533 1160 est,
566 1106 833 1158 vulneratis,
866 1106 999 1148 etiam
1043 1121 1192 1163 regem
1225 1104 1375 1162 jaculo
1412 1104 1457 1145 in
1490 1108 1671 1161 pectore

168 1175 357 1218 loricato
383 1174 607 1217 laeserunt.
642 1175 706 1217 De
738 1175 807 1217 his
843 1179 996 1217 autem
1026 1174 1102 1232 qui
1130 1172 1317 1231 spiculis
1347 1177 1454 1215 sunt
1476 1172 1668 1230 trajecti,

167 1248 328 1302 praeter
346 1259 488 1286 unum
515 1243 671 1286 nullus
691 1244 849 1286 evasit.
883 1244 979 1285 Hoc
1013 1242 1211 1301 episcopi
1239 1257 1381 1300 nepos
1413 1240 1672 1290 Rothardus
1714 1295 1716 1297 ‚

167 1312 358 1356 clericus
376 1312 546 1356 retulit.

226 1382 290 1424 At
316 1381 484 1424 milites
506 1381 582 1440 qui
600 1380 654 1423 de
678 1381 900 1423 machinis
921 1379 1194 1438 pendebant,
1217 1379 1346 1421 obrui
1371 1395 1417 1421 se
1446 1379 1668 1433 videntes,

165 1449 322 1508 fugam
348 1450 527 1502 ineunt3
552 1465 634 1492 nec
654 1465 775 1492 mora
797 1450 960 1492 caeteri.
993 1448 1168 1502 Quibus
1195 1448 1522 1506 aliquantisper
1547 1463 1671 1490 amo-

166 1519 241 1572 tis,
270 1523 502 1562 turrenses
529 1518 786 1576 prosiliunt,
809 1518 1040 1560 machinas
1061 1517 1322 1571 concidunt,
1347 1517 1673 1575 materiemque

165 1587 222 1630 ad
265 1603 314 1630 se
358 1587 634 1640 convehunt,
687 1603 789 1629 cum
840 1603 916 1630 eos
973 1603 995 1629 a
1042 1587 1177 1644 longe
1217 1586 1547 1643 conspicerent,
1590 1601 1673 1628 nec

167 1656 354 1714 aggredi
382 1656 599 1698 auderent
624 1656 708 1698 tria
748 1671 861 1713 pene
886 1655 1042 1708 millia,
1075 1655 1153 1713 qui
1182 1655 1305 1712 prius
1332 1659 1669 1713 oppugnarunt.

165 1724 336 1767 Videns
367 1725 506 1782 igitur
534 1740 611 1767 rex
647 1724 1046 1782 inexpugnabilem
1076 1724 1241 1777 locum,
1282 1723 1433 1776 cessit,
1477 1723 1674 1766 obsideri

161 1792 346 1851 jubens,
370 1793 478 1836 dum
503 1793 619 1835 fame
644 1793 787 1835 coacti
801 1809 848 1835 se
872 1793 1125 1835 redderent.
1150 1793 1395 1850 Hucusque
1413 1796 1674 1849 perseverat

166 1861 358 1915 obsidio,
385 1866 430 1904 et
452 1861 541 1904 dici
562 1877 652 1903 non
671 1866 835 1920 potest,
873 1866 983 1920 quot
1010 1861 1064 1903 de
1092 1860 1395 1918 burgensibus
1424 1860 1533 1902 solis
1563 1877 1676 1919 quo-

168 1931 277 1974 tidie
300 1946 416 1989 pene
453 1930 709 1988 depereant.
740 1931 889 1973 Adam
918 1946 1038 1983 vero,
1078 1934 1203 1972 extra
1236 1930 1412 1988 positus
1440 1928 1671 1983 suburbia,

167 2003 213 2043 et
234 1999 557 2057 Ingelrannum
578 2000 594 2027 ‘²
618 2003 752 2057 atque
776 1999 1117 2041 ‘vicedominum
1147 1998 1316 2041 crebris
1347 1998 1675 2042 hostilitatibus

167 2067 378 2125 urgetbss.
412 2067 542 2111 Unde
566 2068 704 2110 etiam
739 2068 776 2110 si
803 2068 981 2110 vexatio
1008 2067 1290 2110 intellectum
1315 2068 1442 2110 daret
1473 2066 1670 2121 auditui,

169 2137 283 2180 scire
318 2141 522 2195 possent,
558 2137 679 2195 quia,
727 2137 812 2179 etsi
851 2137 1047 2179 Thomas
1084 2137 1337 2190 succubuit,
1380 2152 1471 2178 non
1517 2151 1675 2178 omnes

167 2209 320 2248 tamen
342 2221 488 2248 causae
506 2210 612 2248 sunt
634 2221 778 2263 pares,
801 2221 880 2247 nee
901 2206 985 2248 Dei
1005 2221 1143 2263 penes
1164 2221 1322 2248 omnes
1344 2204 1671 2263 aequajudicia,

167 2279 219 2318 ut
239 2274 299 2317 sit
324 2275 536 2333 episcopo
555 2274 612 2317 ad
635 2289 768 2317 neces
795 2274 976 2317 licentia
1001 2275 1291 2332 provocandi.

209 2398 241 2419 a.
263 2388 363 2420 Corr.
380 2387 424 2419 de
446 2387 473 2418 B
494 2387 545 2423 (et
566 2387 620 2419 Di.
646 2396 716 2419 non
734 2387 778 2419 X.
801 2405 836 2410 —
856 2387 891 2419 b.
911 2387 1011 2419 Corr.
1035 2387 1078 2419 de
1100 2387 1127 2418 B
1151 2387 1202 2427 (et
1225 2387 1283 2429 D).
1311 2390 1460 2429 urqerel
1482 2387 1524 2418 X.

212 2505 241 2534 ¹1.
266 2501 420 2543 Abbayc
435 2502 479 2533 de
491 2501 760 2539 Saint-Acheul.
781 2501 874 2533 l'uue
892 2502 956 2533 des
969 2502 1050 2543 plus
1067 2502 1261 2533 anciennes
1281 2502 1479 2540 d'Amiens‚
1498 2502 1676 2534 reconsti—

173 2543 255 2575 tuee
270 2554 314 2574 au
329 2551 377 2574 x1⁸
395 2544 503 2575 siecle
519 2543 627 2583 (Gall.
642 2544 791 2582 Chrisl.,
812 2547 836 2575 t.
857 2544 899 2583 X,
918 2545 987 2575 col.
1009 2547 1087 2574 1325
1108 2546 1189 2585 sq.).

213 2588 243 2617 2.
268 2585 503 2626 Enguerrand
521 2586 564 2617 de
583 2586 706 2627 Coucy
723 2596 742 2616 a
760 2586 854 2616 donc
870 2586 946 2626 pris
964 2587 995 2617 le
1018 2586 1111 2627 parti
1133 2587 1197 2618 des
1221 2586 1417 2624 bourgeois
1434 2585 1621 2617 (l'Amiens
1640 2588 1677 2617 et

171 2627 218 2658 du
237 2627 392 2662 vidame
406 2630 443 2659 et
460 2628 485 2659 il
504 2638 541 2659 se
561 2631 688 2659 trouve
710 2637 779 2668 quc
798 2629 829 2658 le
847 2628 1025 2659 chsstelain
1046 2629 1162 2659 Adam
1180 2628 1327 2659 conibet
1342 2638 1434 2668 pour
1452 2628 1505 2658 soi
1523 2629 1611 2659 seul.

213 2672 245 2700 3.
269 2669 324 2701 On
342 2671 430 2710 peut
447 2670 537 2701 tirer
551 2671 593 2700 de
617 2669 772 2710 l'emploi
791 2669 837 2699 du
855 2669 1003 2717 present
1016 2680 1083 2719 par
1097 2670 1253 2701 Guibert
1279 2671 1311 2701 la
1329 2670 1477 2700 conclus
1462 2670 1540 2700 ion
1557 2680 1625 2709 qu(
1645 2671 1676 2701 le

172 2710 325 2742 livrelll
344 2721 363 2742 a
381 2710 438 2742 ete
456 2711 547 2743 ecrit
563 2713 672 2742 avant
692 2714 767 2741 1117
775 2711 966 2758 ..Ριιίςιμιο
989 2711 1035 2742 d
1026 2723 1163 2752 Ἡιριοε
1147 2712 1272 2752 Suger,
1293 2722 1348 2752 ομ.
1371 2711 1443 2743 eil..
1466 2722 1498 2751 1).
1520 2715 1570 2744 83.
1590 2722 1608 2742 c
1614 2711 1678 2743 cst

171 2753 216 2783 d(
219 2762 265 2783 ux
284 2762 348 2783 ans
363 2753 469 2800 apres
486 2753 506 2785 l
511 2754 607 2784 arriv
612 2753 651 2783 ec
669 2753 711 2783 ‹le
730 2753 754 2783 Ι
757 2753 837 2784 ouis
854 2753 884 2783 V
892 2753 901 2783 l
919 2754 938 2784 a
964 2754 1123 2787 Amicus.
1136 2764 1205 2794 quc
1222 2754 1252 2784 lc
1267 2754 1293 2783 (3
1295 2754 1442 2784 astillon
1464 2753 1586 2784 tomba
1609 2763 1676 2784 aux

171 2794 288 2825 mains
306 2794 353 2824 (lu
373 2795 426 2825 roi
443 2797 477 2825 et
493 2797 607 2826 mem«
627 2805 670 2824 ,ιν
674 2797 736 2825 int
758 2797 846 2825 1116
869 2795 952 2826 (late
975 2796 1019 2826 de
1044 2796 1075 2826 la
1096 2799 1191 2827 mort
1213 2796 1243 2826 d
1250 2796 1275 2825 1⁴]
1280 2806 1321 2833 ιι·
1314 2795 1494 2826 ····.ιιοιι3ιι(1
1522 2795 1551 2825 G
1556 2795 1678 2837 uibert

171 2835 273 2866 etant
288 2838 383 2867 mort
410 2838 607 2867 seulement
634 2847 676 2867 en
708 2839 785 2866 11..2
810 2847 852 2867 au
880 2837 960 2877 plus
981 2838 1047 2869 101.
1077 2838 1099 2869 il
1119 2848 1137 2868 «ι
1163 2849 1204 2868 eu
1225 2837 1485 2867 certainement
1513 2835 1677 2868 connais-

173 2887 278 2909 sance
296 2877 340 2908 de
359 2888 398 2908 cc
419 2878 494 2917 fait,
515 2879 604 2910 mais
625 2879 678 2909 11'a
704 2888 766 2918 pas
786 2881 869 2909 tenu
891 2879 909 2909 ἐι
929 2879 1088 2918 coi-rigel·
1108 2890 1147 2910 cv
1172 2879 1256 2919 qu'il
1275 2879 1329 2909 dit
1345 2879 1403 2910 ici.
