1930 3224
547 270 645 303 νΕΝ.
683 266 878 302 emnem
909 265 1018 302 vrm
1049 264 1172 300 Lmen
1202 264 1217 299 1
1573 248 1628 298 65

127 378 214 428 rat,
248 373 290 418 ei
324 372 549 432 apparuit,
582 371 960 429 severissimeque
989 369 1145 413 intulit
1181 382 1190 412 :
1232 387 1252 409 «
1288 368 1421 421 Volo,
1463 368 1626 426 inquit,

126 447 181 488 ut
202 441 260 486 de
281 441 428 487 literis
448 456 549 500 quae
575 440 704 484 factae
732 445 838 483 sunt
866 440 976 482 mihi
1003 439 1224 482 rationem
1244 438 1407 481 reddas
1429 452 1438 491 ;
1471 452 1631 479 verum

126 524 287 557 manus
321 526 422 569 quae
444 510 598 554 literas
632 509 756 567 ipsas
783 509 984 567 scripsit,
1013 523 1103 551 non
1128 512 1198 550 est
1224 522 1304 550 sua
1324 506 1501 564 ipsius&
1530 521 1630 564 quae

127 579 323 639 soeipsit.
350 597 372 620 »
401 578 535 632 Quod
553 593 658 621 cum
680 593 706 621 a
731 577 950 636 magistro
978 577 1090 620 mihi
1115 574 1516 628 relatum‘fuisset,
1546 590 1630 632 ego

130 652 187 697 et»
197 648 296 708 ipse
312 648 480 707 pariter
498 662 634 705 super
655 651 810 690 tenore
839 646 1004 689 somnii
1030 661 1121 688 non
1151 644 1422 688 dissimilem
1458 643 1632 702 conjec-

131 716 282 763 turam
317 715 589 760 habuimus:
632 715 725 758 laeti
766 716 888 758 enim
924 714 1230 773 ingemuimus
1266 713 1350 756 sub
1407 729 1486 772 spe
1536 717 1631 765 tua,

98 787 101 791 ’
133 782 412 847 [Domine]¹>,
436 784 542 828 inde
561 783 1003 827 animadversionem
1022 789 1149 827 tuam
1162 784 1209 825 in
1232 788 1326 826 tam
1339 787 1523 841 paterna
1540 797 1635 824 cor-

130 854 329 899 rectione
354 853 579 907 videntes,
604 853 710 896 hinc
746 853 985 912 cujusdam
1010 853 1095 911 piae
1119 852 1401 895 alterationis
1422 850 1635 894 fiduciam

132 923 247 967 meis
263 922 527 967 levitatibus
550 920 816 965 eventuram
843 938 899 965 ex
919 921 1108 967 visionis
1128 921 1382 964 intentione
1402 925 1632 979 putantes,

132 991 223 1037 Ubi
244 1007 440 1050 namque
467 1006 645 1045 manus,
675 1007 775 1049 quae
804 991 960 1034 literas
986 990 1243 1049 scripserat,
1281 1005 1372 1032 non
1405 990 1503 1048 ejus
1536 1003 1637 1032 esse

131 1061 210 1121 qui
262 1060 508 1120 scripserat
567 1060 748 1114 dicitur,
802 1061 935 1118 plane
980 1075 1070 1102 non
1120 1074 1418 1116 permansura
1468 1059 1514 1100 in
1558 1057 1635 1100 illa

131 1129 436 1188 ignominiosa
462 1145 542 1172 sua
567 1129 745 1172 actione
768 1129 953 1172 indubie
977 1129 1233 1172 denotatur.
1259 1128 1360 1171 Mea
1396 1127 1518 1170 enim
1533 1127 1635 1181 fuit,

135 1202 183 1242 et
203 1213 296 1242 non
319 1203 391 1243 est
411 1198 546 1242 sicuti
566 1198 736 1256 legitur
760 1211 768 1242 :
805 1217 825 1239 «
847 1199 983 1240 Verte
1008 1197 1190 1255 impios,
1216 1202 1261 1239 et
1285 1213 1376 1239 non
1399 1201 1530 1239 erunt
1554 1196 1565 1224 ¹
1595 1215 1635 1250 »,

137 1267 248 1311 dum
272 1283 342 1322 ea,
376 1283 477 1327 quae
500 1268 547 1310 in
575 1283 663 1310 usu
688 1267 795 1309 vicii
827 1282 926 1310 mea
953 1266 1054 1320 fuit,
1082 1267 1268 1309 virtutis
1300 1266 1453 1309 studio
1492 1265 1636 1324 appli-

137 1337 243 1391 cita,
269 1351 453 1380 omnem
494 1335 786 1379 efficientiam
822 1335 1152 1393 indignissimae
1188 1335 1312 1378 illius
1349 1335 1638 1393 proprietatis

137 1405 308 1449 amisit.
337 1405 397 1448 Et
415 1409 468 1448 tu
493 1405 614 1448 nosti
640 1410 811 1459 tamen,
844 1405 1054 1458 Domine,
1088 1409 1132 1447 et
1160 1409 1243 1462 ego
1271 1404 1504 1458 confiteor,
1534 1403 1639 1461 quia

141 1478 250 1518 tunc
295 1473 515 1532 temporis
558 1489 641 1517 nec
692 1478 770 1517 tuo
810 1474 989 1527 timore,
1030 1489 1114 1516 nec
1166 1489 1267 1516 meo
1318 1473 1507 1531 pudore,
1555 1488 1637 1515 nec

138 1558 277 1587 sacroe
310 1542 446 1601 hujus
483 1542 676 1586 visionis
721 1543 889 1585 honore
917 1543 1206 1601 castigatiora
1234 1543 1486 1601 peregerim
1512 1555 1520 1586 :
1563 1547 1638 1585 etc

137 1627 301 1671 nempe
327 1611 636 1666 irreverentia,
667 1611 770 1670 quia
796 1611 987 1654 interius
1011 1628 1083 1654 me
1108 1611 1350 1665 habebam,
1377 1616 1421 1654 et
1449 1612 1639 1669 scripto-

105 1724 108 1726 ,
137 1696 239 1724 rum
276 1680 548 1739 nugantium
589 1696 876 1739 nequaquam
919 1681 1273 1724 scurrilitatibus
1312 1680 1637 1739 temperabam.

136 1749 350 1793 Latenter
383 1749 551 1808 quippe
585 1765 689 1792 cum
722 1749 880 1792 eadem
903 1749 1102 1792 carmina
1135 1750 1363 1803 cuderem,
1399 1754 1444 1793 et
1470 1746 1642 1792 nemini

137 1822 216 1862 aut
240 1818 320 1861 vix
344 1818 530 1861 omnino
573 1818 687 1861 meis
723 1818 1039 1861 consimilibus
1074 1818 1153 1861 illa
1182 1818 1370 1877 prodere
1410 1819 1638 1872 auderem,

137 1886 303 1946 saepius
328 1891 483 1930 tamen
507 1887 699 1930 mentito
721 1892 921 1941 auctore,
948 1887 1045 1946 ipsa
1068 1887 1233 1946 quibus
1258 1892 1463 1945 poteram
1486 1887 1641 1930 recita-

138 1955 261 2010 bam,
283 1959 329 1999 et
344 1955 532 1999 laetabar
551 1971 602 1999 ea
626 1971 650 1998 a
677 1956 773 1999 voti
799 1956 889 1999 mei
916 1956 1205 1999 consortibus
1230 1956 1504 2001 collaudari:
1542 1972 1642 2014 quae

139 2039 240 2068 mea
262 2024 356 2068 fore
387 2024 519 2068 rebar
547 2040 733 2082 prorsus
760 2026 1085 2068 inconveniens
1112 2026 1330 2084 profiteri,
1366 2030 1411 2068 et
1437 2026 1558 2084 quod
1588 2026 1645 2068 ad

91 2119 96 2123 ·
141 2091 339 2137 fructum
363 2093 503 2136 ullius
526 2093 699 2138 auctori
720 2110 802 2137 suo
830 2110 921 2136 non
946 2095 1157 2152 proderat
1183 2094 1348 2147 laudis,
1376 2095 1473 2148 solo
1499 2099 1643 2137 resta-

140 2161 219 2206 bat
248 2161 414 2217 fructu,
455 2162 594 2205 immo
633 2163 913 2221 turpitudine
939 2163 1134 2222 gaudere
1170 2164 1358 2221 peccati.
1405 2163 1494 2206 Sed
1529 2164 1640 2216 haec,

142 2230 294 2285 Pater,
321 2231 511 2290 punisti,
536 2232 716 2291 quando
742 2232 944 2276 voluisti.
972 2232 1322 2290 Emergentibus
1343 2232 1465 2275 enim
1488 2238 1644 2275 contra

140 2314 213 2343 me
236 2315 372 2359 super
398 2299 479 2343 tali
505 2316 639 2359 opera
657 2301 935 2354 infortuniis,
966 2306 1010 2344 et
1035 2301 1176 2344 multa
1208 2301 1412 2344 animum
1449 2317 1644 2359 evagan-

139 2371 234 2413 tem
263 2367 537 2424 adversitate
558 2368 760 2424 cinxisti,
805 2375 850 2413 et
881 2369 1081 2428 corporis
1114 2369 1378 2412 infirmitate
1420 2370 1641 2428 pressisti.

141 2435 354 2481 Pervenit
378 2453 485 2496 ergo
511 2443 622 2481 tunc
648 2438 828 2496 gladius
857 2454 1002 2497 usque
1036 2439 1091 2482 ad
1117 2439 1334 2492 animam,
1369 2440 1478 2481 dum
1509 2454 1645 2481 vexa-

140 2504 205 2548 tio
231 2506 387 2565 attigit
405 2506 774 2565 intelligentiam.

182 2628 216 2652 a.
235 2619 335 2651 Corr.
352 2620 398 2652 de
411 2620 439 2652 B
463 2619 515 2663 (et
541 2620 598 2662 D).
626 2620 715 2662 ipsis
732 2621 774 2652 X.
789 2639 829 2644 —
846 2620 880 2653 b.
900 2622 991 2653 dans
1012 2621 1056 2653 D.
1074 2640 1108 2645 —
1137 2632 1166 2654 c.
1186 2632 1225 2654 ea
1244 2622 1287 2655 D.

187 2789 217 2819 1.
242 2786 320 2820 Lib.
338 2787 459 2826 Pron,
478 2788 559 2828 XII,
579 2791 595 2819 7
614 2798 621 2821 :
645 2803 659 2817 «
679 2789 789 2821 Verte
804 2789 946 2831 impios,
965 2790 1002 2822 et
1015 2800 1086 2822 non
1105 2793 1231 2831 erunt;
1251 2792 1379 2823 domus
1395 2795 1514 2824 autem
1529 2794 1647 2834 justo-

145 2838 226 2861 rum
249 2829 489 2871 permanebit.
506 2843 522 2859 »

259 2900 334 2929 Ven.
357 2899 508 2929 Guiberti
528 2899 604 2929 vita.
1505 2909 1520 2933 5

269 2946 280 2960 ο
