1930 3224
561 228 660 258 vm.
696 228 889 258 GUfflERTl
924 229 1031 258 v1TAE
1065 229 1183 258 [ABER
1218 229 1259 257 111
1592 212 1670 256 169

751 445 973 504 [CAPUT
1012 447 1092 505 lx}

235 614 411 657 Interea
443 630 548 672 pars
580 615 786 673 quaedam
814 614 1004 656 furentis
1026 614 1151 671 vulgi
1177 614 1234 656 ad
1268 614 1452 656 domum
1493 614 1673 656 Radulfi

170 678 460 742 pertendunt,
481 683 558 742 qui
579 683 780 740 episcopi
796 683 1046 726 discoforus
1061 687 1171 735 erat,
1195 687 1238 725 et
1253 682 1307 725 de
1327 683 1517 725 summis
1541 682 1673 725 fami-

169 752 356 795 liat-ibus
393 752 582 795 Gerardi
615 751 937 794 Carisiacensis
969 753 1196 805 extiterat,
1235 752 1304 794 vir
1347 751 1453 794 exili
1489 751 1670 810 quidem

171 821 330 874 forma,
355 821 434 863 sed
469 821 698 863 heroicum
722 820 892 863 habens
916 821 1132 864 animum.
1175 822 1218 863 Is
1253 820 1482 874 loricatus,
1522 821 1674 878 galea-

117 927 123 932 .
171 895 260 944 tus,
286 882 378 933 non
405 890 502 932 sine
519 889 608 933 levi
631 894 855 932 armatura
874 906 975 932 cum
995 890 1202 932 resistere
1229 889 1491 943 destinaret,
1516 890 1676 932 videns

106 996 111 1000 .
170 959 265 1003 vim
323 959 525 1011 nimiam,
573 959 829 1017 veritusque
885 958 1046 1016 subjici
1086 959 1253 1016 ignem,
1273 973 1277 977 ’
1295 973 1420 1001 arma
1470 958 1673 1017 projecit,

172 1027 434 1086 nudumque
449 1043 496 1070 se
512 1043 665 1070 eorum
684 1028 1002 1070 misericordiae
1015 1027 1060 1069 in
1076 1027 1258 1069 modum
1276 1027 1421 1070 crucis
1448 1027 1672 1085 exposuit.

173 1097 277 1152 Qui,
306 1097 399 1139 Deo
420 1112 446 1139 a
467 1113 513 1139 se
542 1102 729 1149 remoto,
754 1097 880 1138 humi
908 1101 1185 1155 prostratum
1210 1096 1521 1138 crudelissime
1545 1104 1677 1139 euma

172 1166 471 1210 trucidarunt.
539 1160 542 1164 ⁸

234 1235 350 1294 Ipse,
369 1236 611 1292 antequam
635 1235 912 1277 carnificium
934 1234 1046 1276 illud
1085 1234 1140 1276 de
1169 1234 1369 1276 Gerardo
1406 1234 1450 1275 in
1490 1234 1677 1276 ecclesia

172 1305 315 1358 fieret,
352 1303 613 1362 hujusmodi
654 1303 877 1346 visionem
903 1304 1031 1346 vidit.
1059 1302 1309 1346 Videbatur
1335 1302 1421 1345 sibi
1453 1303 1498 1344 in
1527 1304 1676 1345 Beatae

171 1373 326 1416 Mariae
372 1372 558 1431 basilica
594 1387 709 1424 esse,
750 1372 900 1430 ibique
927 1387 1178 1430 perversos
1217 1371 1497 1414 habitudinis
1533 1371 1675 1413 homi-

171 1457 252 1485 nes
289 1441 548 1495 convenire,
587 1441 665 1498 qui
701 1441 964 1500 peregrinos
1005 1441 1136 1483 ludos
1192 1440 1284 1483 illic
1324 1445 1588 1494 statuerent,
1633 1445 1678 1483 et

169 1510 442 1570 quibusdam
466 1509 900 1553 circumsedentibus
940 1510 1196 1568 spectacula
1235 1525 1352 1552 nova
1374 1510 1544 1552 darent.
1584 1509 1676 1552 Sub

170 1595 258 1639 qua
282 1578 604 1638 propositione,
640 1579 694 1621 de
713 1579 847 1621 domo
869 1579 1090 1621 Guidonis
1110 1578 1392 1640 thesaurarii,
1420 1594 1519 1636 quae
1549 1578 1679 1635 juxta

171 1648 406 1692 ecclesiam
443 1647 586 1702 erat¹‚
621 1648 698 1690 alii
728 1648 931 1690 homines
965 1647 1164 1701 exibant,
1203 1647 1365 1705 pocula
1410 1647 1677 1699 deferentes,

171 1718 218 1760 in
244 1716 408 1776 quibus
426 1717 543 1760 tanti
574 1716 747 1759 foetoris
777 1716 1093 1759 continebatur
1119 1721 1269 1774 potus,
1295 1718 1360 1759 utv
1378 1716 1679 1759 intolerabilis

174 1785 476 1829 sentientibus
515 1790 648 1838 esset,
691 1786 769 1843 qui
803 1791 846 1828 et
888 1801 968 1844 per
1011 1785 1437 1828 circumsedentium
1476 1785 1680 1827 ordinem

175 1854 403 1898 ferebatur
427 1867 436 1899 :
461 1854 582 1914 quod
605 1855 704 1897 luce
726 1855 891 1897 clarius
912 1859 994 1898 est.
1026 1853 1170 1905 Quam
1192 1854 1443 1896 horrendus
1470 1854 1590 1896 enim
1618 1854 1679 1895 ibi

173 1924 408 1967 emicuerit
437 1924 693 1966 daemonum
738 1917 967 1982 quamque
989 1923 1164 1966 invisus
1203 1924 1352 1976 ludus,
1401 1923 1502 1981 quis
1547 1928 1680 1980 putor

174 1993 374 2036 enormis
402 1992 585 2036 sceleris
619 1992 784 2050 ubique
821 1992 1023 2035 locorum
1050 1992 1105 2034 de
1132 1993 1289 2035 eadem
1310 1992 1444 2035 domo
1468 1991 1676 2044 manarit,

172 2061 219 2104 in
235 2066 450 2120 promptu
474 2066 518 2104 et
538 2061 671 2104 modo
693 2066 777 2104 est.
814 2061 929 2103 Nam
962 2060 1091 2119 plebs
1130 2060 1369 2103 furibunda
1419 2061 1571 2103 domui
1613 2060 1681 2102 illi

173 2131 368 2189 primum
385 2131 509 2173 socos
526 2130 547 2157 Ι)
562 2131 731 2188 injecit,
745 2131 799 2172 de
818 2146 867 2172 ea
884 2131 930 2172 in
945 2131 1180 2173 ecclesiam
1199 2129 1422 2187 prosiluit,
1442 2134 1485 2171 et
1498 2129 1680 2172 demum

171 2200 391 2258 palatium
412 2200 666 2257 episcopale
705 2199 921 2257 corripuit
940 2200 970 2242 ².
995 2199 1118 2241 Vidit
1151 2204 1195 2241 et
1222 2198 1343 2241 aliud
1370 2199 1681 2256 praenuncium

173 2274 320 2312 status
358 2269 427 2311 sui
470 2267 623 2311 futuri.
682 2268 898 2310 Nunciari
938 2268 1023 2310 sibi
1074 2268 1118 2309 in
1166 2268 1337 2309 visione
1393 2267 1576 2309 videbat
1626 2267 1681 2309 ab

173 2338 396 2396 armigero
430 2353 529 2388 suc,
563 2343 608 2380 et
628 2337 742 2380 dici:
776 2356 795 2377 «
830 2337 1034 2389 Domine,
1066 2352 1208 2395 equus
1238 2342 1342 2379 tuus
1389 2336 1433 2377 in
1471 2336 1683 2378 anteriori

173 2412 300 2465 parte
327 2407 483 2448 multae
526 2411 569 2448 et
591 2406 785 2448 insolitae
819 2406 1049 2448 vastitatis
1082 2410 1167 2459 est,
1222 2411 1266 2448 ct
1292 2405 1337 2447 in
1359 2405 1684 2462 posterioribus

131 2480 134 2483 ”
175 2480 314 2518 tantae
335 2475 569 2524 exilitatis,
602 2475 652 2517 ut
679 2490 759 2532 par
795 2490 1020 2532 nusquam
1056 2474 1261 2516 viderim.
1291 2493 1311 2514 »
1332 2474 1526 2531 Optimae
1562 2474 1682 2515 enim

214 2598 247 2620 a.
266 2592 420 2630 marique
443 2588 470 2619 B
487 2590 536 2628 (et
555 2589 612 2629 D).
629 2607 669 2610 —
683 2587 717 2619 b.
737 2587 824 2628 ficos
843 2588 871 2618 B
891 2590 939 2629 (et
956 2587 1013 2627 D).
1032 2588 1155 2629 focum
1174 2588 1242 2628 Ap.
1259 2587 1284 2619 1.

214 2751 243 2779 1.
269 2747 317 2778 Ce
335 2747 445 2779 detail
463 2751 518 2779 est
532 2747 610 2787 deja
629 2747 748 2778 (lonnc
766 2758 809 2779 au
826 2747 850 2778 1.
871 2757 920 2787 ιιι,
937 2757 967 2779 c.
990 2757 1021 2778 v.

215 2793 243 2821 2.
271 2789 437 2820 Allusion
456 2790 475 2821 ὲ
490 2799 530 2821 ce
545 2790 605 2830 qui
622 2788 1030 2834 suitimmediatement.
