1930 3224
308 241 362 285 76
697 257 796 288 VEN.
842 257 1035 287 sumnum
1081 258 1188 287 vlm
1220 258 1344 287 mnan
1378 258 1392 287 1

309 355 568 399 invidentiis
612 361 720 399 tunc
760 356 975 413 temporis
1017 356 1338 415 opprimebar!
1380 356 1500 399 unde
1533 361 1578 400 et
1617 356 1793 412 animus

309 439 435 466 meus
452 424 643 467 latenter
662 425 718 466 ad
740 425 784 466 id
807 425 927 482 quod
946 425 1142 467 exterius
1162 425 1272 467 mihi
1301 424 1637 482 suggerebatur,
1666 426 1794 483 quasi

308 492 364 534 ad
384 492 646 535 tentationis
671 493 885 549 effugium
896 492 1135 546 aestuabat;
1161 493 1239 535 sed
1259 493 1364 535 licet
1385 493 1508 535 intus
1539 493 1626 535 ista
1653 493 1794 537 ferve-

308 565 376 602 ret
401 560 601 614 ambitio,
638 568 900 617 nunquam³
929 565 1080 603 tamen
1115 565 1251 603 aestus
1271 561 1327 603 ad
1362 561 1527 618 linguae
1553 561 1793 605 transitum

307 628 595 686 praevalebat.
634 628 731 671 Etsi
758 629 877 671 enim
903 628 1131 682 turbabar,
1161 644 1251 671 non
1277 634 1429 672 tamen
1465 628 1693 687 loquebar.
1727 629 1794 672 Tu

308 696 411 750 scis,
440 697 563 749 Jesu,
602 697 704 754 quia
735 696 913 739 cuidam
941 697 1047 739 talia
1070 697 1342 755 procuranti,
1378 701 1423 739 at
1454 712 1544 739 non
1578 713 1677 740 meo
1703 697 1794 740 ins-

305 764 452 806 tinctu
474 764 518 806 id
545 765 792 822 peragenti,
835 765 972 807 semel
998 769 1180 822 peccato
1212 765 1512 824 praepediente
1553 765 1793 809 mandave—

305 832 406 886 rim,
432 837 482 875 ut
504 832 623 890 quod
646 833 806 891 agebat
830 833 960 875 citius
987 838 1153 891 ageret.
1184 834 1249 875 Tu
1275 834 1377 888 scis,
1417 833 1616 891 inquam,
1657 848 1792 892 quam

306 916 422 957 aegre
445 901 490 943 id
516 900 684 943 dixisse
720 917 790 944 me
816 902 1012 944 tulerim.
1043 902 1139 944 Etsi
1173 902 1293 943 enim
1319 901 1582 944 multotiens
1626 901 1792 945 nefarie

305 968 415 1010 alias
438 969 529 1011 labi
553 970 778 1028 potuerim
798 969 834 1022 b,
857 975 1032 1028 emptor
1058 975 1221 1022 tamen,
1241 970 1330 1011 imo
1347 970 1548 1028 proditor
1565 969 1809 1032 columba—-

304 1052 402 1079 rum
423 1052 598 1095 semper
625 1053 722 1080 esse
749 1038 991 1080 timuerim.
1023 1038 1080 1081 Et
1106 1043 1223 1080 certe
1248 1053 1349 1080 cum
1369 1053 1457 1080 una
1484 1038 1542 1081 sit
1563 1037 1788 1092 columba,

304 1105 423 1163 apud
443 1106 566 1163 ipsos
590 1106 723 1148 etiam
751 1106 971 1149 cathedrae
999 1112 1117 1160 sunt,
1145 1121 1235 1148 non
1277 1107 1502 1149 cathedra.
1529 1105 1757 1164 Quidquid
1776 1113 1793 1134 ⁶
1831 1118 1834 1119 ’

305 1173 488 1215 enimin
515 1174 608 1216 Deo
635 1179 679 1217 et
706 1175 906 1217 Ecclesia
938 1174 1166 1228 dividitur,
1190 1190 1281 1216 non
1308 1179 1375 1217 est
1400 1174 1598 1233 profecto
1640 1189 1665 1216 a
1701 1189 1800 1238 quo-

302 1241 348 1283 in
375 1257 426 1283 eo
446 1242 636 1299 patitur,
669 1261 689 1282 «
711 1242 771 1285 Ut
795 1243 900 1296 sint,
940 1243 1100 1301 inquit,
1144 1258 1284 1285 unum
1311 1243 1425 1285 sicut
1465 1247 1510 1285 et
1541 1257 1623 1285 nos
1645 1257 1786 1286 unum
1811 1296 1814 1298 q

303 1324 458 1352 sumus
486 1310 495 1338 ¹
536 1346 544 1364 ,
576 1328 595 1350 »
625 1315 670 1353 et
711 1326 719 1353 ε
747 1311 905 1354 «Cum
951 1311 1194 1353 divisiones
1220 1311 1465 1368 gratiarum
1525 1311 1632 1359 sint,
1670 1310 1788 1354 idem

301 1382 452 1420 tamen
497 1384 565 1421 est
615 1379 814 1436 spiritus,
865 1379 1071 1421 dividens
1113 1379 1303 1437 singulis
1345 1383 1477 1437 prout
1497 1378 1597 1421 vult
1614 1378 1647 1428 ²,
1689 1396 1710 1419 »
1744 1383 1790 1421 et

300 1446 557 1503 sequentia:
590 1465 610 1487 «
635 1447 840 1489 Thronus
874 1447 1009 1489 etiam
1045 1447 1143 1500 Dei,
1173 1465 1192 1487 η
1221 1462 1311 1489 non
1332 1446 1483 1489 throni
1507 1464 1527 1487 «
1568 1435 1616 1488 in
1642 1461 1784 1489 sae-cu-

300 1514 394 1556 lum
416 1514 568 1556 saeculi
593 1515 625 1569 3,
658 1532 679 1556 »
706 1520 750 1558 et
786 1528 795 1558 τ
822 1533 842 1555 «
874 1507 947 1558 De·
965 1515 1114 1557 fructu
1142 1516 1313 1558 ventris
1351 1515 1416 1558 tui
1452 1529 1617 1573 ponam
1652 1529 1788 1573 super

303 1582 453 1624 sedem
475 1586 599 1624 tuam
614 1582 645 1626 4.
673 1601 693 1623 »
724 1583 832 1636 Quae
848 1599 953 1640 ergo
976 1599 1064 1625 una
1078 1588 1196 1625 vsunt
1209 1582 1327 1641 apud
1350 1583 1511 1636 Deum,
1529 1597 1608 1641 per
1633 1583 1789 1625 huma·-

301 1665 369 1692 nae
386 1651 693 1707 perversitatis
713 1652 827 1694 fiunt
848 1651 1022 1694 diversa
1046 1651 1339 1709 propositum.

361 1718 468 1760 Haec
483 1734 643 1777 nempe
663 1719 963 1773 considerans,
990 1735 1073 1762 nec
1088 1719 1246 1777 capitis
1266 1719 1553 1777 corporisque
1566 1719 1788 1762 unitatem

302 1786 532 1843 ignorans,
560 1787 674 1829 nihil
700 1787 823 1830 volui
849 1803 1064 1845 usurpare
1098 1788 1143 1830 in
1177 1803 1375 1845 corpore,
1405 1787 1510 1845 quia
1530 1786 1748 1845 quidquid
1774 1794 1790 1814 ⁰

302 1854 482 1898 aliunde
510 1870 556 1897 se
582 1855 787 1910 intrudit,
814 1871 1098 1914 nequaquam
1131 1855 1265 1913 capiti
1305 1854 1504 1912 profecto
1543 1854 1783 1908 consentit,

303 1927 347 1964 et
374 1923 495 1980 quod
518 1928 653 1980 caput
675 1924 867 1981 ignorat,
892 1924 1012 1982 quod
1038 1939 1126 1966 non
1141 1928 1375 1966 censeatur
1388 1923 1432 1965 in
1453 1938 1653 1984 corpore,
1673 1922 1786 1965 nulli

302 1990 487 2032 dubium
514 1996 706 2034 constat.
738 1991 825 2044 Qui
845 1990 965 2034 enim
986 1991 1147 2034 dicturi
1168 1996 1272 2034 sunt
1290 2004 1299 2034 :
1317 2009 1336 2031 «
1356 1991 1515 2034 Nonne
1533 1990 1580 2032 in
1605 1990 1786 2033 nomine

300 2062 378 2100 tuo
404 2059 787 2117 prophetavimus,
810 2065 854 2102 et
869 2060 1086 2102 daemonia
1111 2059 1323 2125 ejecimns
1342 2060 1363 2102 ἱ)
1379 2077 1400 2099 »
1423 2059 1439 2088 5
1458 2058 1671 2118 apostasii
1695 2057 1785 2101 uti-

341 2191 373 2213 a.
395 2190 607 2222 numquam.
628 2181 671 2211 D.
689 2198 731 2204 —
745 2179 778 2212 b.
799 2180 898 2212 Corr.
915 2181 958 2211 de
976 2180 1019 2212 D.
1035 2179 1258 2222 protulerim
1275 2180 1314 2211 B.
1333 2197 1375 2203 --
1389 2189 1419 2211 c.
1434 2178 1628 2232 quicquid.
1649 2179 1701 2210 ¹D.

342 2342 372 2369 1.
388 2338 505 2375 Joan„
526 2337 642 2375 XVII
657 2341 718 2368 21:
737 2338 819 2369 «Ut
835 2347 960 2368 omnes
972 2347 1081 2368 unum
1097 2337 1182 2371 sint
1201 2337 1295 2368 sicut
1312 2338 1351 2367 tu
1367 2336 1498 2367 Pater'
1489 2345 1525 2366 m
1542 2345 1610 2374 me,
1625 2337 1735 2382 etego
1751 2334 1788 2366 in

303 2382 348 2419 te,
364 2382 404 2411 ut
427 2382 463 2410 et
482 2380 551 2419 ipsi
570 2379 631 2409 inn
649 2379 755 2409 nobis
773 2389 882 2410 unum
898 2379 983 2416 sint
1002 2380 1044 2409 ut
1060 2378 1183 2409 credat
1198 2378 1365 2416 mundus,
1381 2377 1463 2418 quia
1486 2378 1526 2408 tu
1535 2386 1592 2408 me
1606 2375 1784 2408 misisti.»

342 2425 371 2452 2.
396 2421 416 2452 Ι
430 2420 544 2462 Epist.
569 2421 609 2451 B.
630 2420 736 2452 Pauli
749 2421 806 2451 ad.
831 2420 925 2459 Corn,
948 2420 1028 2459 XII,
1051 2422 1067 2450 4
1085 2422 1122 2451 et
1136 2423 1171 2450 11
1200 2428 1232 2450 :‹
1233 2403 1462 2450 ‹Divisiones
1489 2427 1575 2449 vero
1591 2417 1785 2458 gratiarum

301 2465 396 2502 sunt,
415 2463 508 2493 idem
526 2464 645 2493 autem
664 2462 852 2502 spiritus...
871 2462 968 2492 Haec
985 2463 1105 2493 autem
1123 2460 1241 2492 omnia
1260 2462 1429 2501 operatur
1445 2469 1537 2491 unus
1560 2461 1667 2500 atque
1689 2458 1785 2490 idem

301 2488 464 2545 spiritus,
483 2503 648 2534 dividens
666 2503 813 2543 singulis
830 2505 940 2543 prout
960 2503 1048 2534 vult.

339 2548 368 2577 3.
389 2545 503 2592 Epist.
525 2544 562 2575 B.
582 2544 689 2575 Pauli
706 2544 750 2575 ad
777 2544 921 2583 Haebr„
939 2544 966 2583 I,
985 2547 1023 2574 8:
1045 2557 1059 2571 «
1076 2515 1151 2574 »Ad
1179 2543 1308 2574 Filium
1334 2545 1484 2574 autem:
1510 2541 1676 2573 Thronus
1695 2542 1783 2572 tuus

300 2586 409 2624 Deus,
428 2586 464 2616 in
483 2585 665 2617 saeculum
700 2585 845 2623 saeculi,
863 2586 918 2615 vir
920 2584 1184 2626 gaaequitatis,
1200 2585 1297 2624 virga
1312 2584 1410 2624 regni
1429 2583 1527 2615 tui.»

341 2630 370 2659 4.
391 2627 467 2658 Lib.
487 2626 634 2666 PsaLm„
654 2627 812 2666 CXXXI,
832 2610 845 2656 1’
872 2636 903 2657 ι(
905 2627 1073 2657 ‹Juravit
1086 2626 1262 2656 Dominus
1287 2625 1405 2657 David
1419 2625 1620 2663 veritatem,
1649 2625 1686 2654 et
1710 2632 1783 2654 non

300 2669 538 2700 frustrabitur
561 2652 663 2708 eani;
683 2669 726 2699 de
744 2669 864 2699 fructu
882 2668 1019 2699 ventris
1036 2668 1090 2699 tui
1109 2677 1239 2714 ponam
1257 2677 1364 2708 super
1380 2666 1502 2700 sedern
1514 2668 1658 2697 tuam.»

342 2713 371 2741 5.
391 2710 529 2748 Matth„
559 2709 635 2749 VII,
652 2713 719 2741 22:
738 2723 751 2738 α
783 2709 889 2740 Multi
916 2709 1037 2740 dicent
1054 2709 1141 2740 mihi
1168 2709 1203 2739 in
1226 2708 1286 2739 illa
1303 2708 1386 2739 die:
1419 2707 1584 2745 Domine,
1617 2705 1782 2744 Domine,

300 2761 417 2782 nonne
431 2752 468 2782 in
486 2751 629 2782 nomine
648 2753 709 2782 tuo
727 2751 1037 2792 prophetavimus,
1056 2750 1114 2781 et
1105 2760 1141 2781 1n
1153 2750 1296 2781 nomine
1310 2752 1372 2781 tuo
1398 2748 1586 2780 daemonia
1599 2746 1780 2788 ejecimus,

300 2795 336 2824 et
356 2793 392 2823 in
413 2793 554 2824 nomine
573 2795 637 2824 tuo
654 2793 807 2824 virtutes
829 2792 959 2823 multas
976 2791 1184 2822 fecimus?»

1916 1116 1930 1210 „,t,-=,
1926 1085 1930 1088 .
1923 1031 1930 1062 ,Α
