1930 3224
566 242 668 273 vm.
702 242 897 272 emman
929 243 1038 272 vrffl
1068 243 1190 272 mnan
1222 243 1236 271 1
1590 227 1644 271 53

148 332 525 403 pollicitation’em
555 346 708 386 tamen
739 357 821 400 per
853 343 970 386 ullas
996 341 1253 400 rogantium
1279 342 1487 400 angarias
1509 342 1521 371 ¹
1546 357 1647 385 mea

149 410 306 471 ling-ua
325 410 444 454 solvi
472 426 564 454 non
595 415 790 469 poterat,
819 416 864 454 et
888 411 1010 470 quod
1030 411 1143 454 mihi
1168 410 1302 454 modo
1332 410 1429 468 jam
1460 426 1645 469 graves-

51 462 85 541 κζ,
147 479 269 542 uenti
306 478 627 523 difficillimum
664 483 802 533 esset,
843 485 893 523 ut
935 480 989 523 de
1027 484 1152 523 tanta
1178 479 1328 523 cordis
1367 478 1644 522 abundantia

147 541 334 610 omnino
360 547 567 601 silerem,
583 547 706 591 haud
722 563 841 605 aegre
864 548 1080 606 puerulus
1106 547 1420 592 observabam.

123 670 126 673 Ι
205 616 406 661 Tandem
423 617 557 660 matri
575 632 671 659 rem
690 617 884 675 prodidi,
907 633 1024 675 quae,
1042 617 1297 676 puerariam
1319 617 1463 660 verita
1482 617 1645 660 levita-

145 689 257 740 tem,
280 690 406 730 tanta
423 684 480 728 ab
499 684 586 728 hoc
605 686 835 744 proposito
853 701 925 729 me
940 686 1282 729 ratiocinatione
1306 685 1482 743 rejecit,
1506 690 1559 729 ut
1572 701 1644 728 me

145 745 237 815 non
256 753 497 797 minimum
508 754 765 813 poeniteret,
794 755 915 814 quod
930 755 970 797 ei
984 755 1180 813 gerenda
1198 754 1437 798 retexerim
1452 767 1462 808 ;
1479 769 1583 798 cum
1600 757 1646 797 et

145 815 304 882 eadem
317 821 535 882 magistro
553 822 790 877 dixissem,
808 824 952 867 multo
972 823 1154 882 longius
1179 828 1224 867 et
1239 823 1337 882 ipse
1354 838 1427 866 me
1444 822 1640 882 pepulit:

144 906 233 952 qua
257 891 495 950 utriusque
516 891 714 950 ,repulsa
742 893 1012 949 gravissime
1043 892 1261 946 irritatus,
1295 892 1408 935 alias
1442 892 1645 934 animum

105 956 114 967 ”
143 959 393 1016 deliberavi
425 960 668 1019 appellere.
695 960 853 1019 Itaque
883 961 948 1004 sic
983 977 1056 1004 me
1101 961 1216 1020 coepi
1243 976 1375 1019 agere
1405 961 1498 1003 acsi
1528 960 1644 1003 nihil

143 1023 306 1078 horum
331 1028 572 1088 coepissem
597 1034 826 1087 appetere,
858 1034 904 1072 et
930 1045 1049 1084 cum,
1070 1029 1126 1073 ab
1150 1029 1325 1073 octavis
1349 1029 1643 1072 Pentecostes

141 1091 287 1158 usque
306 1097 364 1141 ad
377 1097 591 1142 Natalem
610 1098 889 1141 dominicum
907 1098 1205 1153 distulissem,
1229 1102 1274 1141 et
1287 1098 1408 1141 votis
1423 1097 1643 1141 ardentis-

142 1165 271 1213 simis
320 1166 577 1226 peragendo
609 1167 794 1225 negotio
841 1168 1103 1226 aspirarem,
1140 1167 1298 1210 matris
1341 1166 1642 1210 reverentiam

141 1235 437 1294 magistrique
462 1235 689 1290 timorem,
718 1236 977 1295 impatiens,
1007 1236 1217 1291 Domine,
1246 1240 1336 1279 tuae
1353 1235 1543 1278 internae
1563 1235 1642 1278 sti—

141 1304 422 1358 mulationis,
450 1304 609 1362 abjeci,
637 1309 682 1348 et
712 1305 768 1348 ad
794 1304 1020 1358 abbatem,
1050 1306 1127 1363 qui
1159 1309 1394 1363 tantopere
1428 1304 1525 1347 fieri
1556 1304 1641 1347 hoc

141 1371 342 1423 ardebat,
372 1377 418 1416 et
438 1372 555 1416 nihil
577 1373 836 1432 sponsionis
863 1374 910 1416 in
930 1374 1070 1417 tantis
1085 1373 1466 1417 solicitationibus
1490 1372 1546 1416 ab
1567 1388 1642 1434 ore

141 1456 242 1498 meo
270 1441 450 1486 haurire
490 1446 703 1501 potuerat
721 1450 756 1496 ⁸,
801 1458 872 1485 me
913 1442 1166 1496 conserens,
1206 1443 1304 1501 ejus
1340 1441 1533 1502 pedibus
1570 1457 1641 1485 me

139 1510 296 1565 affudi,
327 1515 373 1554 et
389 1510 467 1554 'his
493 1510 606 1570 ipsis
641 1511 811 1565 verbis,
851 1515 902 1554 ut
937 1511 1151 1555 videlicet
1181 1515 1466 1569 peccatorem
1501 1510 1642 1554 susci-

138 1583 283 1640 peret,
306 1578 519 1623 flebiliter
538 1580 783 1623 admodum
806 1581 1004 1624 exoravi.
1030 1580 1118 1634 Qui
1137 1580 1293 1640 petitis
1313 1581 1445 1623 laetus
1464 1578 1639 1634 favens,

136 1652 306 1703 Yestae,
323 1663 424 1708 quae
442 1648 709 1692 necessariae
728 1648 920 1702 fuerant,
939 1654 1242 1708 quantocyus,
1258 1649 1306 1692 id
1320 1654 1390 1693 est
1403 1648 1638 1707 postridie,

137 1711 440 1778 praeparataS,
474 1717 707 1776 produxit,
742 1723 803 1772 et,
835 1733 908 1761 me
935 1723 1078 1761 matre
1115 1718 1274 1776 procul
1315 1718 1560 1776 aspiciente
1591 1733 1641 1760 ac

137 1780 293 1842 flente,
313 1785 479 1841 induit,
493 1791 537 1830 et
552 1786 865 1844 eleemosynas
880 1787 1067 1845 proinde
1082 1803 1134 1830 eo
1148 1787 1245 1830 fieri
1264 1787 1336 1830 die
1350 1786 1371 1814 ¹²
1388 1786 1637 1830 mandavit.

198 1853 373 1900 Interea
398 1854 476 1898 ille
515 1871 644 1899 meus
676 1856 906 1914 quondam
933 1856 1167 1915 magister,
1205 1856 1311 1915 quia
1354 1855 1641 1899 districtioris

34 1915 38 1957 ’Ῐ
63 1956 72 1974 2
138 1937 275 1968 causa
295 1923 464 1983 regulae
491 1939 564 1967 me
590 1924 782 1968 ulterius
802 1924 962 1968 docere
989 1941 1080 1967 non
1107 1929 1301 1983 poterat,
1325 1924 1488 1968 saltem
1508 1924 1640 1968 insti-

137 2007 245 2052 gare
254 1991 313 2036 ad
324 2007 375 2036 ea
386 2008 487 2052 quae
504 1992 710 2051 legebam
723 1993 875 2036 divina
891 1994 1123 2037 volumina
1137 1993 1422 2037 discutienda
1435 1992 1636 2046 curabat,

137 2061 291 2113 minus
311 2061 517 2120 cognitas
537 2077 739 2121 quasque
763 2062 983 2106 dictiones
1005 2067 1049 2105 et
1069 2062 1349 2106 doctioribus
1372 2062 1636 2120 recogitare,

137 2129 375 2190 prosulas2
397 2131 736 2190 versiculosque
761 2147 1048 2191 componere,
1072 2136 1133 2186 et,
1151 2147 1240 2191 quo
1261 2132 1373 2174 mihi
1394 2131 1640 2175 erudiendo

179 2252 212 2277 a.
226 2222 392 2286 potuerit
412 2244 455 2276 D.
473 2262 516 2267 —
534 2243 566 2277 b.
587 2254 628 2277 eo
645 2243 703 2277 die
724 2244 808 2286 fieri
827 2245 871 2277 D.

136 2391 137 2394 ¹
178 2378 210 2409 1.
236 2375 286 2411 Le
311 2385 397 2408 sens
424 2374 633 2419 d'anyarias
658 2377 752 2408 n’est
768 2387 834 2418 pas
857 2377 904 2408 ici
921 2377 996 2408 tres
1015 2377 1254 2416 satisfaisant‚
1273 2377 1381 2409 sinon
1398 2378 1487 2409 dans
1508 2379 1541 2409 le
1556 2388 1640 2411 sens

141 2423 266 2456 dex-ive
282 2423 327 2455 de
347 2422 566 2456 contr-aime.
583 2423 638 2456 Cf.
666 2424 808 2464 Guizot,
830 2424 934 2464 Coll.‚
957 2427 986 2462 t„
997 2425 1058 2464 IX,
1076 2435 1112 2467 p.
1129 2427 1199 2457 408.

178 2475 209 2504 2.
235 2470 358 2503 Dache
410 2496 418 2510 ,
436 2471 551 2511 Notae,
601 2498 608 2504 .
631 2475 702 2511 613,
722 2482 813 2504 nous
830 2473 992 2514 apprend
1010 2483 1091 2514 que,
1108 2473 1171 2504 des
1188 2473 1332 2515 poesies
1347 2473 1558 2514 composees
1576 2484 1642 2516 par

137 2511 294 2546 Guibert
316 2481 535 2561 devm-ogeri&
559 2482 596 2546 il³
611 2523 657 2546 ne
675 2517 772 2547 reste
798 2516 881 2556 plus
907 2515 1039 2556 qu'une
1070 2515 1248 2557 sequence
1273 2516 1316 2547 de
1350 2516 1446 2548 saint
1474 2516 1638 2555 Germer,

139 2554 231 2587 dont
249 2555 346 2587 voici
368 2554 522 2598 l'mczpzt
535 2565 548 2587 .·

721 2599 839 2630 Adest
858 2599 1055 2640 praecipua

723 2641 884 2679 Fratres,
902 2641 1066 2680 materia,

719 2682 803 2713 Diei
817 2691 991 2715 consona.

721 2723 814 2755 Date
832 2724 1064 2765 praeconia...

180 2763 235 2795 On
254 2763 290 2795 la
310 2763 473 2796 chantait
499 2774 630 2797 encore
660 2775 705 2796 au
730 2772 809 2796 xm·
831 2766 939 2798 siecle
952 2766 1059 2808 (Hist.
1079 2766 1163 2805 litt„
1182 2769 1208 2800 t.
1234 2767 1277 2806 X,
1298 2777 1331 2808 p.
1352 2767 1436 2808 499).
1461 2767 1515 2799 De
1543 2770 1640 2799 cette

111 2803 327 2846 sequence,
357 2806 383 2837 il
405 2806 483 2839 faut
508 2807 692 2848 peut-atre
718 2808 941 2849 rapprocher
969 2818 1017 2839 un
1040 2808 1220 2850 fragment
1248 2810 1293 2841 de
1320 2809 1447 2840 l'office
1474 2809 1518 2840 de
1545 2809 1641 2840 saint

137 2845 289 2878 Germer
307 2848 465 2880 contenu
488 2849 578 2880 dans
598 2848 675 2880 Bib.
699 2851 785 2887 nat.,
804 2860 870 2883 τηε.
893 2850 958 2884 lat.
984 2853 1099 2891 13817,
1122 2851 1157 2883 ss'.
1175 2853 1332 2883 396-400:
1349 2860 1397 2882 on
1420 2861 1440 2883 a
1463 2851 1639 2883 conserve‘
