<?xml version="1.0" encoding="UTF-8"?>
<!DOCTYPE html PUBLIC "-//W3C//DTD XHTML 1.0 Transitional//EN"
    "http://www.w3.org/TR/xhtml1/DTD/xhtml1-transitional.dtd">
<html xmlns="http://www.w3.org/1999/xhtml" xml:lang="en" lang="en">
 <head>
  <title>
</title>
<meta http-equiv="Content-Type" content="text/html;charset=utf-8" />
  <meta name='ocr-system' content='tesseract 3.04.00' />
  <meta name='ocr-capabilities' content='ocr_page ocr_carea ocr_par ocr_line ocrx_word'/>
</head>
<body>
  <div class='ocr_page' id='page_1' title='image "./histoiredesavie100guibuoft_0251.png"; bbox 0 0 1930 3224; ppageno 0'>
   <div class='ocr_carea' id='block_1_1' title="bbox 0 0 348 188">
    <p class='ocr_par' dir='ltr' id='par_1_1' title="bbox 0 0 348 188">
     <span class='ocr_line' id='line_1_1' title="bbox 0 0 348 188; baseline 0 3036"><span class='ocrx_word' id='word_1_1' title='bbox 0 0 348 188; x_wconf 95' lang='lat' dir='ltr'><strong> </strong></span> 
     </span>
    </p>
   </div>
   <div class='ocr_carea' id='block_1_2' title="bbox 556 234 1645 294">
    <p class='ocr_par' dir='ltr' id='par_1_2' title="bbox 556 234 1645 294">
     <span class='ocr_line' id='line_1_2' title="bbox 556 234 1645 294; baseline -0.005 -15"><span class='ocrx_word' id='word_1_2' title='bbox 556 251 656 280; x_wconf 68' lang='lat' dir='ltr'><strong>vm.</strong></span> <span class='ocrx_word' id='word_1_3' title='bbox 692 249 889 294; x_wconf 65' lang='lat' dir='ltr'><strong>sumnam</strong></span> <span class='ocrx_word' id='word_1_4' title='bbox 922 250 1029 278; x_wconf 66' lang='lat' dir='ltr'>vlu:</span> <span class='ocrx_word' id='word_1_5' title='bbox 1061 248 1182 277; x_wconf 63' lang='lat' dir='ltr'><strong>ruffin</strong></span> <span class='ocrx_word' id='word_1_6' title='bbox 1217 248 1262 275; x_wconf 84' lang='lat'><strong>111</strong></span> <span class='ocrx_word' id='word_1_7' title='bbox 1568 234 1645 275; x_wconf 84' lang='lat'><strong>177</strong></span> 
     </span>
    </p>
   </div>
   <div class='ocr_carea' id='block_1_3' title="bbox 134 345 1649 542">
    <p class='ocr_par' dir='ltr' id='par_1_3' title="bbox 134 345 1649 542">
     <span class='ocr_line' id='line_1_3' title="bbox 134 345 1648 407; baseline -0.002 -15"><span class='ocrx_word' id='word_1_8' title='bbox 134 348 610 407; x_wconf 84' lang='lat' dir='ltr'><strong>officia-impendisset,</strong></span> <span class='ocrx_word' id='word_1_9' title='bbox 631 349 750 391; x_wconf 86' lang='lat' dir='ltr'><strong>inter</strong></span> <span class='ocrx_word' id='word_1_10' title='bbox 764 348 926 390; x_wconf 88' lang='lat' dir='ltr'><strong>missas</strong></span> <span class='ocrx_word' id='word_1_11' title='bbox 942 362 1199 390; x_wconf 87' lang='lat' dir='ltr'><strong>sermonem</strong></span> <span class='ocrx_word' id='word_1_12' title='bbox 1219 345 1377 389; x_wconf 80' lang='lat' dir='ltr'><strong>habuit</strong></span> <span class='ocrx_word' id='word_1_13' title='bbox 1393 346 1447 388; x_wconf 91' lang='lat' dir='ltr'><strong>de</strong></span> <span class='ocrx_word' id='word_1_14' title='bbox 1463 361 1648 389; x_wconf 83' lang='lat' dir='ltr'><strong>execra—</strong></span> 
     </span>
     <span class='ocr_line' id='line_1_4' title="bbox 136 409 1649 475; baseline -0.003 -15"><span class='ocrx_word' id='word_1_15' title='bbox 136 416 302 460; x_wconf 83' lang='lat' dir='ltr'><strong>bilibus</strong></span> <span class='ocrx_word' id='word_1_16' title='bbox 327 417 600 460; x_wconf 90' lang='lat' dir='ltr'><strong>communiis</strong></span> <span class='ocrx_word' id='word_1_17' title='bbox 614 417 722 469; x_wconf 89' lang='lat' dir='ltr'><strong>illis,</strong></span> <span class='ocrx_word' id='word_1_18' title='bbox 742 417 790 459; x_wconf 91' lang='lat' dir='ltr'><strong>in</strong></span> <span class='ocrx_word' id='word_1_19' title='bbox 805 417 970 475; x_wconf 91' lang='lat' dir='ltr'><strong>quibus</strong></span> <span class='ocrx_word' id='word_1_20' title='bbox 988 409 1142 458; x_wconf 87' lang='lat' dir='ltr'><strong>contra</strong></span> <span class='ocrx_word' id='word_1_21' title='bbox 1155 415 1230 473; x_wconf 88' lang='lat' dir='ltr'><strong>jus</strong></span> <span class='ocrx_word' id='word_1_22' title='bbox 1258 420 1303 457; x_wconf 88' lang='lat' dir='ltr'><strong>et</strong></span> <span class='ocrx_word' id='word_1_23' title='bbox 1329 414 1397 457; x_wconf 76' lang='lat' dir='ltr'><strong>fas</strong></span> <span class='ocrx_word' id='word_1_24' title='bbox 1421 414 1649 457; x_wconf 91' lang='lat' dir='ltr'><strong>violenter</strong></span> 
     </span>
     <span class='ocr_line' id='line_1_5' title="bbox 137 483 1646 542; baseline -0.003 -13"><span class='ocrx_word' id='word_1_25' title='bbox 137 485 257 534; x_wconf 83' lang='lat' dir='ltr'><strong>servi</strong></span> <span class='ocrx_word' id='word_1_26' title='bbox 282 501 309 529; x_wconf 90' lang='lat' dir='ltr'><strong>a</strong></span> <span class='ocrx_word' id='word_1_27' title='bbox 330 485 618 528; x_wconf 84' lang='lat' dir='ltr'><strong>dominorum</strong></span> <span class='ocrx_word' id='word_1_28' title='bbox 636 485 738 542; x_wconf 92' lang='lat' dir='ltr'><strong>jure</strong></span> <span class='ocrx_word' id='word_1_29' title='bbox 755 501 803 528; x_wconf 89' lang='lat' dir='ltr'><strong>se</strong></span> <span class='ocrx_word' id='word_1_30' title='bbox 828 485 1117 528; x_wconf 87' lang='lat' dir='ltr'><strong>subtrahunt.</strong></span> <span class='ocrx_word' id='word_1_31' title='bbox 1140 503 1161 524; x_wconf 90' lang='lat'>«</span> <span class='ocrx_word' id='word_1_32' title='bbox 1184 484 1329 535; x_wconf 87' lang='lat' dir='ltr'><strong>Servi,</strong></span> <span class='ocrx_word' id='word_1_33' title='bbox 1348 483 1496 541; x_wconf 91' lang='lat' dir='ltr'><strong>inquit</strong></span> <span class='ocrx_word' id='word_1_34' title='bbox 1516 499 1646 541; x_wconf 86' lang='lat' dir='ltr'><strong>apos-</strong></span> 
     </span>
    </p>
   </div>
   <div class='ocr_carea' id='block_1_4' title="bbox 0 552 1651 608">
    <p class='ocr_par' dir='ltr' id='par_1_4' title="bbox 0 552 1651 608">
     <span class='ocr_line' id='line_1_6' title="bbox 0 552 1651 608; baseline -0.002 -10"><span class='ocrx_word' id='word_1_35' title='bbox 0 595 6 604; x_wconf 91' lang='grc'><strong>,</strong></span> <span class='ocrx_word' id='word_1_36' title='bbox 136 553 276 608; x_wconf 87' lang='lat' dir='ltr'><strong>tolus,</strong></span> <span class='ocrx_word' id='word_1_37' title='bbox 294 553 467 597; x_wconf 86' lang='lat' dir='ltr'><strong>subditi</strong></span> <span class='ocrx_word' id='word_1_38' title='bbox 492 559 638 597; x_wconf 87' lang='lat' dir='ltr'><strong>estote</strong></span> <span class='ocrx_word' id='word_1_39' title='bbox 658 554 847 602; x_wconf 85' lang='lat' dir='ltr'><strong>inomni</strong></span> <span class='ocrx_word' id='word_1_40' title='bbox 873 553 1033 597; x_wconf 91' lang='lat' dir='ltr'><strong>timore</strong></span> <span class='ocrx_word' id='word_1_41' title='bbox 1051 552 1249 595; x_wconf 87' lang='lat' dir='ltr'><strong>dominis</strong></span> <span class='ocrx_word' id='word_1_42' title='bbox 1268 552 1297 596; x_wconf 86' lang='lat'><strong>¹.</strong></span> <span class='ocrx_word' id='word_1_43' title='bbox 1323 570 1343 591; x_wconf 66' lang='lat' dir='ltr'><strong>n</strong></span> <span class='ocrx_word' id='word_1_44' title='bbox 1366 552 1424 595; x_wconf 91' lang='lat' dir='ltr'><strong>Et</strong></span> <span class='ocrx_word' id='word_1_45' title='bbox 1448 567 1503 594; x_wconf 90' lang='lat' dir='ltr'><strong>ne</strong></span> <span class='ocrx_word' id='word_1_46' title='bbox 1532 552 1651 594; x_wconf 87' lang='lat' dir='ltr'><strong>servi</strong></span> 
     </span>
    </p>
   </div>
   <div class='ocr_carea' id='block_1_5' title="bbox 137 621 1656 1436">
    <p class='ocr_par' dir='ltr' id='par_1_5' title="bbox 137 621 1656 1436">
     <span class='ocr_line' id='line_1_7' title="bbox 142 621 1652 678; baseline -0.002 -12"><span class='ocrx_word' id='word_1_47' title='bbox 142 626 389 666; x_wconf 78' lang='lat' dir='ltr'><strong>causentur</strong></span> <span class='ocrx_word' id='word_1_48' title='bbox 426 623 639 666; x_wconf 88' lang='lat' dir='ltr'><strong>duritiam</strong></span> <span class='ocrx_word' id='word_1_49' title='bbox 675 623 750 678; x_wconf 87' lang='lat' dir='ltr'><strong>vel</strong></span> <span class='ocrx_word' id='word_1_50' title='bbox 779 622 1015 665; x_wconf 86' lang='lat' dir='ltr'><strong>avaritiam</strong></span> <span class='ocrx_word' id='word_1_51' title='bbox 1046 622 1348 674; x_wconf 90' lang='lat' dir='ltr'><strong>dominorum,</strong></span> <span class='ocrx_word' id='word_1_52' title='bbox 1389 621 1546 663; x_wconf 89' lang='lat' dir='ltr'><strong>adhuc</strong></span> <span class='ocrx_word' id='word_1_53' title='bbox 1575 637 1652 663; x_wconf 87' lang='lat' dir='ltr'><strong>au-</strong></span> 
     </span>
     <span class='ocr_line' id='line_1_8' title="bbox 137 690 1648 744; baseline -0.003 -10"><span class='ocrx_word' id='word_1_54' title='bbox 137 691 266 734; x_wconf 86' lang='lat' dir='ltr'><strong>diant</strong></span> <span class='ocrx_word' id='word_1_55' title='bbox 286 705 296 735; x_wconf 78' lang='lat' dir='ltr'><em>z</em></span> <span class='ocrx_word' id='word_1_56' title='bbox 317 709 338 732; x_wconf 93' lang='lat'>«</span> <span class='ocrx_word' id='word_1_57' title='bbox 360 691 418 734; x_wconf 90' lang='lat' dir='ltr'><strong>Et</strong></span> <span class='ocrx_word' id='word_1_58' title='bbox 435 707 526 734; x_wconf 93' lang='lat' dir='ltr'><strong>non</strong></span> <span class='ocrx_word' id='word_1_59' title='bbox 541 696 720 735; x_wconf 86' lang='lat' dir='ltr'><strong>tantum</strong></span> <span class='ocrx_word' id='word_1_60' title='bbox 738 690 869 733; x_wconf 90' lang='lat' dir='ltr'><strong>bonis</strong></span> <span class='ocrx_word' id='word_1_61' title='bbox 890 695 934 733; x_wconf 89' lang='lat' dir='ltr'><strong>et</strong></span> <span class='ocrx_word' id='word_1_62' title='bbox 956 691 1191 744; x_wconf 91' lang='lat' dir='ltr'><strong>modestis,</strong></span> <span class='ocrx_word' id='word_1_63' title='bbox 1211 690 1290 733; x_wconf 93' lang='lat' dir='ltr'><strong>sed</strong></span> <span class='ocrx_word' id='word_1_64' title='bbox 1307 695 1352 732; x_wconf 90' lang='lat' dir='ltr'><strong>et</strong></span> <span class='ocrx_word' id='word_1_65' title='bbox 1375 690 1563 732; x_wconf 86' lang='lat' dir='ltr'><strong>discolis</strong></span> <span class='ocrx_word' id='word_1_66' title='bbox 1576 690 1608 732; x_wconf 72' lang='lat'><strong>2.</strong></span> <span class='ocrx_word' id='word_1_67' title='bbox 1629 708 1648 729; x_wconf 66' lang='grc' dir='ltr'>υ</span> 
     </span>
     <span class='ocr_line' id='line_1_9' title="bbox 140 759 1650 816; baseline -0.001 -14"><span class='ocrx_word' id='word_1_68' title='bbox 140 759 283 803; x_wconf 80' lang='lat' dir='ltr'>Plane</span> <span class='ocrx_word' id='word_1_69' title='bbox 306 759 354 802; x_wconf 89' lang='lat' dir='ltr'><strong>in</strong></span> <span class='ocrx_word' id='word_1_70' title='bbox 383 759 646 802; x_wconf 71' lang='lat' dir='ltr'><strong>autenticis³</strong></span> <span class='ocrx_word' id='word_1_71' title='bbox 666 759 917 803; x_wconf 86' lang='lat' dir='ltr'><strong>canonibus</strong></span> <span class='ocrx_word' id='word_1_72' title='bbox 943 759 1219 802; x_wconf 83' lang='lat' dir='ltr'><strong>damnantur</strong></span> <span class='ocrx_word' id='word_1_73' title='bbox 1240 759 1548 811; x_wconf 87' lang='lat' dir='ltr'><strong>anathemate,</strong></span> <span class='ocrx_word' id='word_1_74' title='bbox 1573 759 1650 816; x_wconf 90' lang='lat' dir='ltr'><strong>qui</strong></span> 
     </span>
     <span class='ocr_line' id='line_1_10' title="bbox 138 827 1653 886; baseline -0.001 -15"><span class='ocrx_word' id='word_1_75' title='bbox 138 843 296 871; x_wconf 82' lang='lat' dir='ltr'><strong>servos</strong></span> <span class='ocrx_word' id='word_1_76' title='bbox 315 827 513 871; x_wconf 89' lang='lat' dir='ltr'><strong>dominis</strong></span> <span class='ocrx_word' id='word_1_77' title='bbox 552 828 784 886; x_wconf 85' lang='lat' dir='ltr'><strong>religionis</strong></span> <span class='ocrx_word' id='word_1_78' title='bbox 822 844 957 871; x_wconf 89' lang='lat' dir='ltr'><strong>causa</strong></span> <span class='ocrx_word' id='word_1_79' title='bbox 997 828 1234 871; x_wconf 83' lang='lat' dir='ltr'><strong>docuerint</strong></span> <span class='ocrx_word' id='word_1_80' title='bbox 1279 827 1527 881; x_wconf 83' lang='lat' dir='ltr'><strong>inobedire,</strong></span> <span class='ocrx_word' id='word_1_81' title='bbox 1574 832 1653 869; x_wconf 88' lang='lat' dir='ltr'><strong>aut</strong></span> 
     </span>
     <span class='ocr_line' id='line_1_11' title="bbox 137 896 1653 955; baseline -0.001 -15"><span class='ocrx_word' id='word_1_82' title='bbox 137 896 300 955; x_wconf 87' lang='lat' dir='ltr'><strong>quovis</strong></span> <span class='ocrx_word' id='word_1_83' title='bbox 320 896 679 955; x_wconf 74' lang='lat' dir='ltr'><strong>subterfugereb‚</strong></span> <span class='ocrx_word' id='word_1_84' title='bbox 704 896 872 939; x_wconf 88' lang='lat' dir='ltr'><strong>nedum</strong></span> <span class='ocrx_word' id='word_1_85' title='bbox 895 897 1103 939; x_wconf 87' lang='lat' dir='ltr'><strong>resistere</strong></span> <span class='ocrx_word' id='word_1_86' title='bbox 1123 898 1154 940; x_wconf 83' lang='grc'><strong>3.</strong></span> <span class='ocrx_word' id='word_1_87' title='bbox 1176 896 1306 940; x_wconf 90' lang='lat' dir='ltr'><strong>Unde</strong></span> <span class='ocrx_word' id='word_1_88' title='bbox 1322 902 1367 939; x_wconf 91' lang='lat' dir='ltr'><strong>et</strong></span> <span class='ocrx_word' id='word_1_89' title='bbox 1387 896 1502 938; x_wconf 90' lang='lat' dir='ltr'><strong>illud</strong></span> <span class='ocrx_word' id='word_1_90' title='bbox 1519 912 1653 954; x_wconf 86' lang='lat' dir='ltr'><strong>argu-</strong></span> 
     </span>
     <span class='ocr_line' id='line_1_12' title="bbox 138 961 1654 1024; baseline -0.001 -16"><span class='ocrx_word' id='word_1_91' title='bbox 138 969 293 1008; x_wconf 91' lang='lat' dir='ltr'><strong>mento</strong></span> <span class='ocrx_word' id='word_1_92' title='bbox 329 969 414 1020; x_wconf 92' lang='lat' dir='ltr'><strong>est,</strong></span> <span class='ocrx_word' id='word_1_93' title='bbox 450 965 572 1024; x_wconf 93' lang='lat' dir='ltr'><strong>quod</strong></span> <span class='ocrx_word' id='word_1_94' title='bbox 598 981 745 1024; x_wconf 88' lang='lat' dir='ltr'><strong>neque</strong></span> <span class='ocrx_word' id='word_1_95' title='bbox 779 965 836 1008; x_wconf 89' lang='lat' dir='ltr'><strong>ad</strong></span> <span class='ocrx_word' id='word_1_96' title='bbox 868 961 1066 1020; x_wconf 54' lang='lat' dir='ltr'><strong>clerum,</strong></span> <span class='ocrx_word' id='word_1_97' title='bbox 1087 981 1232 1024; x_wconf 89' lang='lat' dir='ltr'><strong>neque</strong></span> <span class='ocrx_word' id='word_1_98' title='bbox 1260 965 1316 1008; x_wconf 91' lang='lat' dir='ltr'><strong>ad</strong></span> <span class='ocrx_word' id='word_1_99' title='bbox 1349 981 1503 1008; x_wconf 88' lang='lat' dir='ltr'><strong>sacros</strong></span> <span class='ocrx_word' id='word_1_100' title='bbox 1532 964 1654 1007; x_wconf 84' lang='lat' dir='ltr'><strong>ordi-</strong></span> 
     </span>
     <span class='ocr_line' id='line_1_13' title="bbox 138 1026 1650 1092; baseline -0.001 -15"><span class='ocrx_word' id='word_1_101' title='bbox 138 1048 236 1087; x_wconf 86' lang='lat' dir='ltr'><strong>nes,</strong></span> <span class='ocrx_word' id='word_1_102' title='bbox 281 1049 374 1077; x_wconf 91' lang='lat' dir='ltr'><strong>non</strong></span> <span class='ocrx_word' id='word_1_103' title='bbox 424 1034 482 1077; x_wconf 90' lang='lat' dir='ltr'><strong>ad</strong></span> <span class='ocrx_word' id='word_1_104' title='bbox 531 1034 855 1077; x_wconf 82' lang='lat' dir='ltr'><strong>monachatum</strong></span> <span class='ocrx_word' id='word_1_105' title='bbox 890 1026 1117 1092; x_wconf 82' lang='lat' dir='ltr'><strong>quispiam</strong></span> <span class='ocrx_word' id='word_1_106' title='bbox 1161 1033 1392 1091; x_wconf 83' lang='lat' dir='ltr'><strong>recipitur,</strong></span> <span class='ocrx_word' id='word_1_107' title='bbox 1438 1034 1527 1076; x_wconf 89' lang='lat' dir='ltr'><strong>nisi</strong></span> <span class='ocrx_word' id='word_1_108' title='bbox 1576 1033 1650 1091; x_wconf 90' lang='lat' dir='ltr'><strong>qui</strong></span> 
     </span>
     <span class='ocr_line' id='line_1_14' title="bbox 137 1102 1652 1161; baseline -0.001 -17"><span class='ocrx_word' id='word_1_109' title='bbox 137 1112 271 1145; x_wconf 85' lang='lat' dir='ltr'><strong>exors</strong></span> <span class='ocrx_word' id='word_1_110' title='bbox 311 1118 338 1145; x_wconf 88' lang='lat' dir='ltr'><strong>a</strong></span> <span class='ocrx_word' id='word_1_111' title='bbox 388 1102 571 1146; x_wconf 87' lang='lat' dir='ltr'><strong>servitio</strong></span> <span class='ocrx_word' id='word_1_112' title='bbox 607 1103 827 1146; x_wconf 83' lang='lat' dir='ltr'><strong>habeatur</strong></span> <span class='ocrx_word' id='word_1_113' title='bbox 848 1102 891 1156; x_wconf 77' lang='grc'><strong>4;</strong></span> <span class='ocrx_word' id='word_1_114' title='bbox 937 1108 1145 1161; x_wconf 89' lang='lat' dir='ltr'><strong>receptus</strong></span> <span class='ocrx_word' id='word_1_115' title='bbox 1180 1107 1350 1156; x_wconf 88' lang='lat' dir='ltr'><strong>autem,</strong></span> <span class='ocrx_word' id='word_1_116' title='bbox 1387 1103 1652 1160; x_wconf 86' lang='lat' dir='ltr'><strong>neutiquam</strong></span> 
     </span>
     <span class='ocr_line' id='line_1_15' title="bbox 138 1171 1655 1230; baseline -0.001 -17"><span class='ocrx_word' id='word_1_117' title='bbox 138 1174 297 1214; x_wconf 91' lang='lat' dir='ltr'><strong>contra</strong></span> <span class='ocrx_word' id='word_1_118' title='bbox 319 1171 555 1230; x_wconf 85' lang='lat' dir='ltr'><strong>exigentes</strong></span> <span class='ocrx_word' id='word_1_119' title='bbox 582 1171 790 1215; x_wconf 89' lang='lat' dir='ltr'><strong>dominos</strong></span> <span class='ocrx_word' id='word_1_120' title='bbox 814 1176 1035 1215; x_wconf 84' lang='lat' dir='ltr'><strong>teneatur.</strong></span> <span class='ocrx_word' id='word_1_121' title='bbox 1067 1172 1133 1214; x_wconf 93' lang='lat' dir='ltr'><strong>De</strong></span> <span class='ocrx_word' id='word_1_122' title='bbox 1160 1187 1247 1230; x_wconf 84' lang='lat' dir='ltr'><strong>qua</strong></span> <span class='ocrx_word' id='word_1_123' title='bbox 1276 1187 1322 1213; x_wconf 89' lang='lat' dir='ltr'><strong>re</strong></span> <span class='ocrx_word' id='word_1_124' title='bbox 1355 1171 1493 1213; x_wconf 88' lang='lat' dir='ltr'><strong>etiam</strong></span> <span class='ocrx_word' id='word_1_125' title='bbox 1535 1171 1655 1213; x_wconf 93' lang='lat' dir='ltr'><strong>mul-</strong></span> 
     </span>
     <span class='ocr_line' id='line_1_16' title="bbox 138 1231 1654 1298; baseline 0 -16"><span class='ocrx_word' id='word_1_126' title='bbox 138 1238 307 1282; x_wconf 80' lang='lat' dir='ltr'><strong>totiens</strong></span> <span class='ocrx_word' id='word_1_127' title='bbox 329 1239 376 1283; x_wconf 88' lang='lat' dir='ltr'><strong>in</strong></span> <span class='ocrx_word' id='word_1_128' title='bbox 396 1231 520 1298; x_wconf 46' lang='lat' dir='ltr'><strong>regna</strong></span> <span class='ocrx_word' id='word_1_129' title='bbox 543 1241 682 1294; x_wconf 91' lang='lat' dir='ltr'><strong>curia,</strong></span> <span class='ocrx_word' id='word_1_130' title='bbox 698 1240 863 1298; x_wconf 82' lang='lat' dir='ltr'><strong>saepius</strong></span> <span class='ocrx_word' id='word_1_131' title='bbox 883 1241 899 1269; x_wconf 82' lang='lat'>5</span> <span class='ocrx_word' id='word_1_132' title='bbox 919 1240 1032 1283; x_wconf 85' lang='lat' dir='ltr'><strong>alias</strong></span> <span class='ocrx_word' id='word_1_133' title='bbox 1058 1240 1104 1282; x_wconf 92' lang='lat' dir='ltr'><strong>in</strong></span> <span class='ocrx_word' id='word_1_134' title='bbox 1131 1240 1325 1283; x_wconf 89' lang='lat' dir='ltr'><strong>diversis</strong></span> <span class='ocrx_word' id='word_1_135' title='bbox 1353 1239 1654 1282; x_wconf 89' lang='lat' dir='ltr'><strong>conventibus</strong></span> 
     </span>
     <span class='ocr_line' id='line_1_17' title="bbox 138 1307 1656 1367; baseline 0.001 -17"><span class='ocrx_word' id='word_1_136' title='bbox 138 1307 405 1366; x_wconf 89' lang='lat' dir='ltr'><strong>disputavit.</strong></span> <span class='ocrx_word' id='word_1_137' title='bbox 446 1309 554 1352; x_wconf 85' lang='lat' dir='ltr'><strong>Haec</strong></span> <span class='ocrx_word' id='word_1_138' title='bbox 581 1325 660 1367; x_wconf 91' lang='lat' dir='ltr'><strong>per</strong></span> <span class='ocrx_word' id='word_1_139' title='bbox 687 1309 1124 1367; x_wconf 85' lang='lat' dir='ltr'><strong>praeoccupationem</strong></span> <span class='ocrx_word' id='word_1_140' title='bbox 1151 1309 1367 1362; x_wconf 87' lang='lat' dir='ltr'><strong>diximus,</strong></span> <span class='ocrx_word' id='word_1_141' title='bbox 1394 1309 1489 1367; x_wconf 88' lang='lat' dir='ltr'><strong>jam</strong></span> <span class='ocrx_word' id='word_1_142' title='bbox 1536 1324 1656 1351; x_wconf 92' lang='lat' dir='ltr'><strong>nunc</strong></span> 
     </span>
     <span class='ocr_line' id='line_1_18' title="bbox 139 1377 980 1436; baseline 0.002 -17"><span class='ocrx_word' id='word_1_143' title='bbox 139 1377 399 1436; x_wconf 83' lang='lat' dir='ltr'><strong>retrograde</strong></span> <span class='ocrx_word' id='word_1_144' title='bbox 422 1377 480 1420; x_wconf 85' lang='lat' dir='ltr'><strong>ad</strong></span> <span class='ocrx_word' id='word_1_145' title='bbox 500 1378 706 1421; x_wconf 89' lang='lat' dir='ltr'><strong>ordinem</strong></span> <span class='ocrx_word' id='word_1_146' title='bbox 726 1377 980 1422; x_wconf 81' lang='lat' dir='ltr'><strong>redeamus.</strong></span> 
     </span>
    </p>
   </div>
   <div class='ocr_carea' id='block_1_6' title="bbox 751 1599 1077 1658">
    <p class='ocr_par' dir='ltr' id='par_1_6' title="bbox 751 1599 1077 1658">
     <span class='ocr_line' id='line_1_19' title="bbox 751 1599 1077 1658; baseline -0.003 -15"><span class='ocrx_word' id='word_1_147' title='bbox 751 1599 973 1657; x_wconf 78' lang='lat' dir='ltr'><strong>[CAPUT</strong></span> <span class='ocrx_word' id='word_1_148' title='bbox 998 1600 1077 1658; x_wconf 82' lang='lat' dir='ltr'><strong>xl]</strong></span> 
     </span>
    </p>
   </div>
   <div class='ocr_carea' id='block_1_7' title="bbox 143 1767 1661 2025">
    <p class='ocr_par' dir='ltr' id='par_1_7' title="bbox 143 1767 1661 2025">
     <span class='ocr_line' id='line_1_20' title="bbox 208 1767 1656 1826; baseline -0.001 -15"><span class='ocrx_word' id='word_1_149' title='bbox 208 1768 439 1826; x_wconf 88' lang='lat' dir='ltr'><strong>Perpensa</strong></span> <span class='ocrx_word' id='word_1_150' title='bbox 454 1775 471 1795; x_wconf 83' lang='lat'><strong><em>⁰</em></strong></span> <span class='ocrx_word' id='word_1_151' title='bbox 490 1767 630 1826; x_wconf 84' lang='lat' dir='ltr'><strong>igitur</strong></span> <span class='ocrx_word' id='word_1_152' title='bbox 650 1768 961 1810; x_wconf 86' lang='lat' dir='ltr'><strong>scelestissimi</strong></span> <span class='ocrx_word' id='word_1_153' title='bbox 985 1768 1108 1811; x_wconf 86' lang='lat' dir='ltr'><strong>cives</strong></span> <span class='ocrx_word' id='word_1_154' title='bbox 1128 1767 1375 1826; x_wconf 88' lang='lat' dir='ltr'><strong>perpetrati</strong></span> <span class='ocrx_word' id='word_1_155' title='bbox 1402 1767 1656 1826; x_wconf 86' lang='lat' dir='ltr'><strong>quantitate</strong></span> 
     </span>
     <span class='ocr_line' id='line_1_21' title="bbox 143 1835 1658 1894; baseline -0.001 -15"><span class='ocrx_word' id='word_1_156' title='bbox 143 1835 371 1889; x_wconf 81' lang='lat' dir='ltr'><strong>facinoris,</strong></span> <span class='ocrx_word' id='word_1_157' title='bbox 393 1851 558 1894; x_wconf 85' lang='lat' dir='ltr'><strong>magno</strong></span> <span class='ocrx_word' id='word_1_158' title='bbox 581 1835 824 1879; x_wconf 86' lang='lat' dir='ltr'><strong>extabuere</strong></span> <span class='ocrx_word' id='word_1_159' title='bbox 842 1841 983 1889; x_wconf 89' lang='lat' dir='ltr'><strong>metu,</strong></span> <span class='ocrx_word' id='word_1_160' title='bbox 1002 1836 1177 1894; x_wconf 85' lang='lat' dir='ltr'><strong>regium</strong></span> <span class='ocrx_word' id='word_1_161' title='bbox 1192 1837 1567 1894; x_wconf 88' lang='lat' dir='ltr'><strong>pertimescentes</strong></span> <span class='ocrx_word' id='word_1_162' title='bbox 1585 1836 1658 1894; x_wconf 91' lang='lat' dir='ltr'><strong>ju-</strong></span> 
     </span>
     <span class='ocr_line' id='line_1_22' title="bbox 146 1903 1660 1963; baseline 0 -16"><span class='ocrx_word' id='word_1_163' title='bbox 146 1903 316 1948; x_wconf 79' lang='lat' dir='ltr'><strong>dicium</strong></span> <span class='ocrx_word' id='word_1_164' title='bbox 333 1919 343 1959; x_wconf 79' lang='lat'><em>3</em></span> <span class='ocrx_word' id='word_1_165' title='bbox 363 1905 482 1947; x_wconf 91' lang='lat' dir='ltr'><strong>unde</strong></span> <span class='ocrx_word' id='word_1_166' title='bbox 496 1905 573 1962; x_wconf 92' lang='lat' dir='ltr'><strong>qui</strong></span> <span class='ocrx_word' id='word_1_167' title='bbox 595 1904 866 1948; x_wconf 88' lang='lat' dir='ltr'><strong>medicinam</strong></span> <span class='ocrx_word' id='word_1_168' title='bbox 880 1921 1078 1963; x_wconf 78' lang='lat' dir='ltr'><strong>quaerere</strong></span> <span class='ocrx_word' id='word_1_169' title='bbox 1090 1905 1360 1958; x_wconf 90' lang='lat' dir='ltr'><strong>debuerunt,</strong></span> <span class='ocrx_word' id='word_1_170' title='bbox 1389 1921 1470 1947; x_wconf 91' lang='lat' dir='ltr'><strong>suo</strong></span> <span class='ocrx_word' id='word_1_171' title='bbox 1492 1905 1660 1947; x_wconf 88' lang='lat' dir='ltr'><strong>vulnus</strong></span> 
     </span>
     <span class='ocr_line' id='line_1_23' title="bbox 146 1972 1661 2025; baseline -0.001 -8"><span class='ocrx_word' id='word_1_172' title='bbox 146 1973 326 2017; x_wconf 86' lang='lat' dir='ltr'><strong>vulneri</strong></span> <span class='ocrx_word' id='word_1_173' title='bbox 345 1972 632 2017; x_wconf 90' lang='lat' dir='ltr'><strong>addiderunt.</strong></span> <span class='ocrx_word' id='word_1_174' title='bbox 651 1973 871 2016; x_wconf 87' lang='lat' dir='ltr'><strong>Thomam</strong></span> <span class='ocrx_word' id='word_1_175' title='bbox 885 1976 902 2002; x_wconf 71' lang='grc'><strong>6</strong></span> <span class='ocrx_word' id='word_1_176' title='bbox 922 1974 1042 2016; x_wconf 90' lang='lat' dir='ltr'><strong>enim</strong></span> <span class='ocrx_word' id='word_1_177' title='bbox 1066 1973 1449 2025; x_wconf 72' lang='lat' dir='ltr'><strong>codiciacensisd,</strong></span> <span class='ocrx_word' id='word_1_178' title='bbox 1482 1978 1533 2016; x_wconf 92' lang='lat' dir='ltr'><strong>ut</strong></span> <span class='ocrx_word' id='word_1_179' title='bbox 1553 1974 1661 2016; x_wconf 90' lang='lat' dir='ltr'><strong>dici-</strong></span> 
     </span>
    </p>
   </div>
   <div class='ocr_carea' id='block_1_8' title="bbox 149 2085 1662 2170">
    <p class='ocr_par' dir='ltr' id='par_1_8' title="bbox 149 2085 1662 2170">
     <span class='ocr_line' id='line_1_24' title="bbox 187 2085 1662 2129; baseline -0.001 -10"><span class='ocrx_word' id='word_1_180' title='bbox 187 2095 220 2119; x_wconf 75' lang='lat' dir='ltr'><strong>a.</strong></span> <span class='ocrx_word' id='word_1_181' title='bbox 245 2085 468 2118; x_wconf 79' lang='lat' dir='ltr'><strong>authenticis</strong></span> <span class='ocrx_word' id='word_1_182' title='bbox 487 2086 532 2118; x_wconf 92' lang='lat' dir='ltr'><strong>D.</strong></span> <span class='ocrx_word' id='word_1_183' title='bbox 552 2103 593 2110; x_wconf 94' lang='lat'>-</span> <span class='ocrx_word' id='word_1_184' title='bbox 616 2085 650 2118; x_wconf 88' lang='lat' dir='ltr'><strong>b.</strong></span> <span class='ocrx_word' id='word_1_185' title='bbox 672 2086 771 2118; x_wconf 90' lang='lat' dir='ltr'><strong>Corr.</strong></span> <span class='ocrx_word' id='word_1_186' title='bbox 807 2087 852 2118; x_wconf 87' lang='lat' dir='ltr'><strong>de</strong></span> <span class='ocrx_word' id='word_1_187' title='bbox 873 2087 918 2118; x_wconf 90' lang='lat' dir='ltr'><strong>D.</strong></span> <span class='ocrx_word' id='word_1_188' title='bbox 943 2086 1204 2129; x_wconf 69' lang='lat' dir='ltr'><strong>supterfuyere</strong></span> <span class='ocrx_word' id='word_1_189' title='bbox 1230 2087 1270 2118; x_wconf 91' lang='lat' dir='ltr'><strong>B.</strong></span> <span class='ocrx_word' id='word_1_190' title='bbox 1301 2105 1341 2110; x_wconf 95' lang='lat'><strong>—</strong></span> <span class='ocrx_word' id='word_1_191' title='bbox 1365 2097 1395 2119; x_wconf 90' lang='lat' dir='ltr'><strong>c.</strong></span> <span class='ocrx_word' id='word_1_192' title='bbox 1418 2086 1543 2118; x_wconf 75' lang='lat' dir='ltr'><strong>Debut</strong></span> <span class='ocrx_word' id='word_1_193' title='bbox 1560 2087 1608 2117; x_wconf 91' lang='lat' dir='ltr'><strong>du</strong></span> <span class='ocrx_word' id='word_1_194' title='bbox 1631 2090 1662 2117; x_wconf 77' lang='grc' dir='ltr'><strong>’7ο</strong></span> 
     </span>
     <span class='ocr_line' id='line_1_25' title="bbox 149 2127 1012 2170; baseline 0.001 -10"><span class='ocrx_word' id='word_1_195' title='bbox 149 2138 302 2170; x_wconf 79' lang='lat' dir='ltr'><strong>passage</strong></span> <span class='ocrx_word' id='word_1_196' title='bbox 322 2129 368 2160; x_wconf 89' lang='lat' dir='ltr'><strong>de</strong></span> <span class='ocrx_word' id='word_1_197' title='bbox 389 2128 460 2159; x_wconf 88' lang='lat' dir='ltr'><strong>Du.</strong></span> <span class='ocrx_word' id='word_1_198' title='bbox 480 2146 523 2151; x_wconf 89' lang='lat'>—</span> <span class='ocrx_word' id='word_1_199' title='bbox 539 2128 573 2160; x_wconf 80' lang='lat' dir='ltr'><strong>d.</strong></span> <span class='ocrx_word' id='word_1_200' title='bbox 592 2127 858 2160; x_wconf 79' lang='lat' dir='ltr'><strong>Codieiasensis</strong></span> <span class='ocrx_word' id='word_1_201' title='bbox 877 2128 948 2168; x_wconf 87' lang='lat' dir='ltr'><strong>Du,</strong></span> <span class='ocrx_word' id='word_1_202' title='bbox 967 2129 1012 2161; x_wconf 87' lang='lat' dir='ltr'><strong>D.</strong></span> 
     </span>
    </p>
   </div>
   <div class='ocr_carea' id='block_1_9' title="bbox 149 2258 1666 2847">
    <p class='ocr_par' dir='ltr' id='par_1_9' title="bbox 149 2258 1661 2374">
     <span class='ocr_line' id='line_1_26' title="bbox 192 2258 1661 2301; baseline 0.001 -10"><span class='ocrx_word' id='word_1_203' title='bbox 192 2262 223 2291; x_wconf 89' lang='lat'><strong>1.</strong></span> <span class='ocrx_word' id='word_1_204' title='bbox 247 2259 268 2291; x_wconf 92' lang='lat' dir='ltr'><strong><em>I</em></strong></span> <span class='ocrx_word' id='word_1_205' title='bbox 282 2258 384 2292; x_wconf 76' lang='lat' dir='ltr'><strong>Petri</strong></span> <span class='ocrx_word' id='word_1_206' title='bbox 400 2259 530 2301; x_wconf 63' lang='lat' dir='ltr'><strong>Epist„</strong></span> <span class='ocrx_word' id='word_1_207' title='bbox 552 2259 597 2299; x_wconf 88' lang='lat' dir='ltr'><strong>ll,</strong></span> <span class='ocrx_word' id='word_1_208' title='bbox 617 2263 655 2291; x_wconf 89' lang='grc'><strong>18</strong></span> <span class='ocrx_word' id='word_1_209' title='bbox 674 2270 681 2292; x_wconf 89' lang='lat'>:</span> <span class='ocrx_word' id='word_1_210' title='bbox 703 2260 830 2292; x_wconf 82' lang='lat' dir='ltr'><strong>«Servi</strong></span> <span class='ocrx_word' id='word_1_211' title='bbox 849 2261 986 2292; x_wconf 85' lang='lat' dir='ltr'><strong>subditi</strong></span> <span class='ocrx_word' id='word_1_212' title='bbox 1010 2263 1129 2293; x_wconf 86' lang='lat' dir='ltr'><strong>estote</strong></span> <span class='ocrx_word' id='word_1_213' title='bbox 1148 2261 1185 2292; x_wconf 91' lang='lat' dir='ltr'><strong>in</strong></span> <span class='ocrx_word' id='word_1_214' title='bbox 1210 2261 1307 2292; x_wconf 87' lang='lat' dir='ltr'><strong>omni</strong></span> <span class='ocrx_word' id='word_1_215' title='bbox 1333 2261 1465 2293; x_wconf 85' lang='lat' dir='ltr'><strong>timore</strong></span> <span class='ocrx_word' id='word_1_216' title='bbox 1490 2261 1661 2299; x_wconf 72' lang='lat' dir='ltr'><strong>dominis,</strong></span> 
     </span>
     <span class='ocr_line' id='line_1_27' title="bbox 149 2301 1194 2374; baseline 0.001 -41"><span class='ocrx_word' id='word_1_217' title='bbox 149 2311 222 2334; x_wconf 89' lang='lat' dir='ltr'><strong>non</strong></span> <span class='ocrx_word' id='word_1_218' title='bbox 240 2302 384 2374; x_wconf 45' lang='lat' dir='ltr'><strong>tfflssfm</strong></span> <span class='ocrx_word' id='word_1_219' title='bbox 402 2301 511 2333; x_wconf 87' lang='lat' dir='ltr'><strong>bonis</strong></span> <span class='ocrx_word' id='word_1_220' title='bbox 529 2304 566 2333; x_wconf 85' lang='lat' dir='ltr'><strong>et</strong></span> <span class='ocrx_word' id='word_1_221' title='bbox 580 2302 754 2334; x_wconf 85' lang='lat' dir='ltr'><strong>modestis</strong></span> <span class='ocrx_word' id='word_1_222' title='bbox 773 2303 836 2333; x_wconf 89' lang='lat' dir='ltr'><strong>sed</strong></span> <span class='ocrx_word' id='word_1_223' title='bbox 855 2303 963 2334; x_wconf 87' lang='lat' dir='ltr'><strong>etiam</strong></span> <span class='ocrx_word' id='word_1_224' title='bbox 982 2303 1157 2344; x_wconf 87' lang='lat' dir='ltr'><strong>dyscolis.</strong></span> <span class='ocrx_word' id='word_1_225' title='bbox 1181 2316 1194 2330; x_wconf 76' lang='lat' dir='ltr'>n</span> 
     </span>
    </p>

    <p class='ocr_par' dir='ltr' id='par_1_10' title="bbox 193 2346 405 2375">
     <span class='ocr_line' id='line_1_28' title="bbox 193 2346 405 2375; baseline -0.005 0"><span class='ocrx_word' id='word_1_226' title='bbox 193 2346 223 2375; x_wconf 84' lang='lat'><strong>2.</strong></span> <span class='ocrx_word' id='word_1_227' title='bbox 298 2353 309 2374; x_wconf 88' lang='grc' dir='ltr'>ι</span> <span class='ocrx_word' id='word_1_228' title='bbox 336 2352 405 2374; x_wconf 85' lang='lat' dir='ltr'><strong>em.</strong></span> 
     </span>
    </p>

    <p class='ocr_par' dir='ltr' id='par_1_11' title="bbox 150 2384 1662 2540">
     <span class='ocr_line' id='line_1_29' title="bbox 193 2384 1662 2432; baseline 0 -16"><span class='ocrx_word' id='word_1_229' title='bbox 193 2389 224 2417; x_wconf 87' lang='grc'><strong>3.</strong></span> <span class='ocrx_word' id='word_1_230' title='bbox 250 2385 303 2416; x_wconf 90' lang='lat' dir='ltr'><strong>En</strong></span> <span class='ocrx_word' id='word_1_231' title='bbox 313 2384 530 2432; x_wconf 84' lang='lat' dir='ltr'><strong>particulier</strong></span> <span class='ocrx_word' id='word_1_232' title='bbox 547 2395 593 2416; x_wconf 90' lang='lat' dir='ltr'><strong>au</strong></span> <span class='ocrx_word' id='word_1_233' title='bbox 614 2386 754 2417; x_wconf 87' lang='lat' dir='ltr'><strong>concile</strong></span> <span class='ocrx_word' id='word_1_234' title='bbox 772 2386 816 2416; x_wconf 87' lang='lat' dir='ltr'><strong>de</strong></span> <span class='ocrx_word' id='word_1_235' title='bbox 838 2386 991 2427; x_wconf 84' lang='lat' dir='ltr'><strong>Gangra,</strong></span> <span class='ocrx_word' id='word_1_236' title='bbox 1012 2396 1094 2417; x_wconf 88' lang='lat' dir='ltr'><strong>vers</strong></span> <span class='ocrx_word' id='word_1_237' title='bbox 1117 2388 1176 2418; x_wconf 70' lang='lat'><strong>324</strong></span> <span class='ocrx_word' id='word_1_238' title='bbox 1196 2386 1406 2427; x_wconf 82' lang='lat' dir='ltr'><strong>(Wctzeret</strong></span> <span class='ocrx_word' id='word_1_239' title='bbox 1427 2386 1564 2421; x_wconf 77' lang='lat' dir='ltr'><strong>Welte,</strong></span> <span class='ocrx_word' id='word_1_240' title='bbox 1580 2385 1662 2416; x_wconf 83' lang='lat' dir='ltr'><strong>Kir-</strong></span> 
     </span>
     <span class='ocr_line' id='line_1_30' title="bbox 151 2425 1660 2470; baseline 0 -12"><span class='ocrx_word' id='word_1_241' title='bbox 151 2425 407 2466; x_wconf 74' lang='lat' dir='ltr'><strong>chenleankon,</strong></span> <span class='ocrx_word' id='word_1_242' title='bbox 436 2428 462 2459; x_wconf 88' lang='lat' dir='ltr'><strong>t.</strong></span> <span class='ocrx_word' id='word_1_243' title='bbox 493 2427 535 2469; x_wconf 80' lang='lat' dir='ltr'><strong>V,</strong></span> <span class='ocrx_word' id='word_1_244' title='bbox 559 2427 628 2459; x_wconf 92' lang='lat' dir='ltr'><strong>col.</strong></span> <span class='ocrx_word' id='word_1_245' title='bbox 655 2430 775 2464; x_wconf 79' lang='lat'>92-93;</span> <span class='ocrx_word' id='word_1_246' title='bbox 802 2427 940 2465; x_wconf 84' lang='lat' dir='ltr'><strong>Hefele‚</strong></span> <span class='ocrx_word' id='word_1_247' title='bbox 977 2427 1303 2470; x_wconf 63' lang='lat' dir='ltr'><strong>Concilienqesch„</strong></span> <span class='ocrx_word' id='word_1_248' title='bbox 1330 2431 1356 2460; x_wconf 88' lang='lat' dir='ltr'><strong>t.</strong></span> <span class='ocrx_word' id='word_1_249' title='bbox 1378 2429 1404 2466; x_wconf 83' lang='lat'><strong>1,</strong></span> <span class='ocrx_word' id='word_1_250' title='bbox 1432 2439 1467 2469; x_wconf 87' lang='lat' dir='ltr'><strong>p.</strong></span> <span class='ocrx_word' id='word_1_251' title='bbox 1495 2430 1552 2458; x_wconf 74' lang='lat'><strong>777</strong></span> <span class='ocrx_word' id='word_1_252' title='bbox 1579 2429 1660 2469; x_wconf 80' lang='lat' dir='ltr'><strong>sq.),</strong></span> 
     </span>
     <span class='ocr_line' id='line_1_31' title="bbox 150 2468 1022 2540; baseline 0.003 -40"><span class='ocrx_word' id='word_1_253' title='bbox 150 2478 232 2501; x_wconf 87' lang='lat' dir='ltr'><strong>can.</strong></span> <span class='ocrx_word' id='word_1_254' title='bbox 252 2468 433 2540; x_wconf 36' lang='lat' dir='ltr'><strong>&amp;Manen</strong></span> <span class='ocrx_word' id='word_1_255' title='bbox 453 2468 574 2510; x_wconf 84' lang='lat' dir='ltr'><strong>Ampl.</strong></span> <span class='ocrx_word' id='word_1_256' title='bbox 596 2468 701 2508; x_wconf 63' lang='lat' dir='ltr'><strong>Gall„</strong></span> <span class='ocrx_word' id='word_1_257' title='bbox 719 2472 744 2501; x_wconf 85' lang='lat' dir='ltr'><strong>t.</strong></span> <span class='ocrx_word' id='word_1_258' title='bbox 764 2469 808 2508; x_wconf 80' lang='lat'><strong>11,</strong></span> <span class='ocrx_word' id='word_1_259' title='bbox 825 2470 894 2502; x_wconf 90' lang='lat' dir='ltr'><strong>col.</strong></span> <span class='ocrx_word' id='word_1_260' title='bbox 915 2470 1022 2511; x_wconf 85' lang='lat'><strong>1102).</strong></span> 
     </span>
    </p>

    <p class='ocr_par' dir='ltr' id='par_1_12' title="bbox 153 2512 1665 2679">
     <span class='ocr_line' id='line_1_32' title="bbox 193 2512 1665 2595; baseline 0 -12"><span class='ocrx_word' id='word_1_261' title='bbox 193 2512 228 2583; x_wconf 59' lang='grc' dir='ltr'><strong>ἓ.</strong></span> <span class='ocrx_word' id='word_1_262' title='bbox 251 2513 614 2594; x_wconf 45' lang='grc' dir='ltr'><strong>ὓῇὥεξῗῗθῖἰ2έρίνε</strong></span> <span class='ocrx_word' id='word_1_263' title='bbox 633 2552 677 2584; x_wconf 88' lang='lat' dir='ltr'><strong>ici</strong></span> <span class='ocrx_word' id='word_1_264' title='bbox 696 2553 850 2584; x_wconf 87' lang='lat' dir='ltr'><strong>allusion</strong></span> <span class='ocrx_word' id='word_1_265' title='bbox 870 2563 914 2585; x_wconf 88' lang='lat' dir='ltr'><strong>au</strong></span> <span class='ocrx_word' id='word_1_266' title='bbox 929 2553 1116 2595; x_wconf 84' lang='lat' dir='ltr'><strong>jugement</strong></span> <span class='ocrx_word' id='word_1_267' title='bbox 1135 2553 1209 2586; x_wconf 75' lang='lat' dir='ltr'><strong>tres</strong></span> <span class='ocrx_word' id='word_1_268' title='bbox 1228 2553 1450 2585; x_wconf 83' lang='lat' dir='ltr'><strong>intc&#39;ressant</strong></span> <span class='ocrx_word' id='word_1_269' title='bbox 1467 2554 1582 2584; x_wconf 84' lang='lat' dir='ltr'><strong>rendu</strong></span> <span class='ocrx_word' id='word_1_270' title='bbox 1601 2563 1665 2594; x_wconf 86' lang='lat' dir='ltr'><strong>par</strong></span> 
     </span>
     <span class='ocr_line' id='line_1_33' title="bbox 153 2593 1664 2635; baseline 0 -9"><span class='ocrx_word' id='word_1_271' title='bbox 153 2593 317 2635; x_wconf 71' lang='lat' dir='ltr'><strong>l&#39;eveque</strong></span> <span class='ocrx_word' id='word_1_272' title='bbox 333 2593 379 2625; x_wconf 92' lang='lat' dir='ltr'><strong>de</strong></span> <span class='ocrx_word' id='word_1_273' title='bbox 397 2593 577 2632; x_wconf 73' lang='lat' dir='ltr'><strong>Soissons,</strong></span> <span class='ocrx_word' id='word_1_274' title='bbox 595 2593 747 2632; x_wconf 87' lang='lat' dir='ltr'><strong>Lisiard,</strong></span> <span class='ocrx_word' id='word_1_275' title='bbox 761 2605 804 2626; x_wconf 92' lang='lat' dir='ltr'><strong>en</strong></span> <span class='ocrx_word' id='word_1_276' title='bbox 827 2598 919 2635; x_wconf 90' lang='lat'><strong>1118,</strong></span> <span class='ocrx_word' id='word_1_277' title='bbox 942 2596 1119 2627; x_wconf 81' lang='lat' dir='ltr'><strong>touchant</strong></span> <span class='ocrx_word' id='word_1_278' title='bbox 1139 2595 1347 2627; x_wconf 75' lang='lat' dir='ltr'><strong>l&#39;clevation</strong></span> <span class='ocrx_word' id='word_1_279' title='bbox 1362 2596 1381 2626; x_wconf 74' lang='lat' dir='ltr'><strong>a</strong></span> <span class='ocrx_word' id='word_1_280' title='bbox 1399 2596 1432 2627; x_wconf 88' lang='lat' dir='ltr'><strong>la</strong></span> <span class='ocrx_word' id='word_1_281' title='bbox 1451 2595 1664 2626; x_wconf 68' lang='lat' dir='ltr'><strong>clericaturc</strong></span> 
     </span>
     <span class='ocr_line' id='line_1_34' title="bbox 153 2635 1229 2679; baseline 0.001 -12"><span class='ocrx_word' id='word_1_282' title='bbox 153 2636 198 2668; x_wconf 89' lang='lat' dir='ltr'><strong>de</strong></span> <span class='ocrx_word' id='word_1_283' title='bbox 215 2635 308 2667; x_wconf 79' lang='lat' dir='ltr'><strong>sex-ss</strong></span> <span class='ocrx_word' id='word_1_284' title='bbox 324 2635 373 2667; x_wconf 90' lang='lat' dir='ltr'><strong>du</strong></span> <span class='ocrx_word' id='word_1_285' title='bbox 390 2636 445 2667; x_wconf 87' lang='lat' dir='ltr'><strong>roi</strong></span> <span class='ocrx_word' id='word_1_286' title='bbox 463 2635 664 2677; x_wconf 78' lang='lat' dir='ltr'><strong>(Luchairc,</strong></span> <span class='ocrx_word' id='word_1_287' title='bbox 684 2636 856 2675; x_wconf 81' lang='lat' dir='ltr'><strong>Annales,</strong></span> <span class='ocrx_word' id='word_1_288' title='bbox 870 2644 907 2668; x_wconf 75' lang='grc' dir='ltr'><strong>ιιΩ</strong></span> <span class='ocrx_word' id='word_1_289' title='bbox 923 2639 996 2675; x_wconf 68' lang='lat'><strong>240,</strong></span> <span class='ocrx_word' id='word_1_290' title='bbox 1013 2648 1048 2679; x_wconf 88' lang='lat' dir='ltr'><strong>p.</strong></span> <span class='ocrx_word' id='word_1_291' title='bbox 1062 2638 1229 2677; x_wconf 86' lang='lat'><strong>116-117).</strong></span> 
     </span>
    </p>

    <p class='ocr_par' dir='ltr' id='par_1_13' title="bbox 154 2677 1666 2847">
     <span class='ocr_line' id='line_1_35' title="bbox 196 2677 1662 2720; baseline 0.001 -12"><span class='ocrx_word' id='word_1_292' title='bbox 196 2680 227 2708; x_wconf 87' lang='grc'><strong>6.</strong></span> <span class='ocrx_word' id='word_1_293' title='bbox 252 2677 411 2709; x_wconf 86' lang='lat' dir='ltr'><strong>Thomas</strong></span> <span class='ocrx_word' id='word_1_294' title='bbox 435 2677 479 2709; x_wconf 89' lang='lat' dir='ltr'><strong>de</strong></span> <span class='ocrx_word' id='word_1_295' title='bbox 506 2677 631 2717; x_wconf 82' lang='lat' dir='ltr'><strong>Marle,</strong></span> <span class='ocrx_word' id='word_1_296' title='bbox 659 2677 714 2709; x_wconf 86' lang='lat' dir='ltr'><strong>fils</strong></span> <span class='ocrx_word' id='word_1_297' title='bbox 737 2678 851 2710; x_wconf 84' lang='lat' dir='ltr'><strong>d&#39;Ade</strong></span> <span class='ocrx_word' id='word_1_298' title='bbox 876 2679 920 2710; x_wconf 88' lang='lat' dir='ltr'><strong>de</strong></span> <span class='ocrx_word' id='word_1_299' title='bbox 946 2678 1073 2720; x_wconf 85' lang='lat' dir='ltr'><strong>Roucy</strong></span> <span class='ocrx_word' id='word_1_300' title='bbox 1103 2682 1139 2711; x_wconf 86' lang='lat' dir='ltr'><strong>ct</strong></span> <span class='ocrx_word' id='word_1_301' title='bbox 1163 2679 1432 2720; x_wconf 78' lang='lat' dir='ltr'><strong>d&#39;Engucrrand</strong></span> <span class='ocrx_word' id='word_1_302' title='bbox 1459 2680 1502 2710; x_wconf 88' lang='lat' dir='ltr'><strong>dc</strong></span> <span class='ocrx_word' id='word_1_303' title='bbox 1526 2679 1662 2720; x_wconf 78' lang='lat' dir='ltr'><strong>Coucy,</strong></span> 
     </span>
     <span class='ocr_line' id='line_1_36' title="bbox 155 2718 1663 2763; baseline 0.003 -16"><span class='ocrx_word' id='word_1_304' title='bbox 155 2731 170 2747; x_wconf 73' lang='grc' dir='ltr'><strong>«ι</strong></span> <span class='ocrx_word' id='word_1_305' title='bbox 190 2719 252 2760; x_wconf 90' lang='lat' dir='ltr'><strong>qui</strong></span> <span class='ocrx_word' id='word_1_306' title='bbox 269 2718 460 2751; x_wconf 84' lang='lat' dir='ltr'><strong>dicebatur</strong></span> <span class='ocrx_word' id='word_1_307' title='bbox 477 2721 591 2760; x_wconf 82' lang='lat' dir='ltr'><strong>pater,</strong></span> <span class='ocrx_word' id='word_1_308' title='bbox 611 2733 624 2747; x_wconf 78' lang='grc' dir='ltr'><strong>υ</strong></span> <span class='ocrx_word' id='word_1_309' title='bbox 644 2720 767 2761; x_wconf 82' lang='lat' dir='ltr'><strong>ajoute</strong></span> <span class='ocrx_word' id='word_1_310' title='bbox 787 2720 900 2761; x_wconf 82' lang='lat' dir='ltr'><strong>Suger</strong></span> <span class='ocrx_word' id='word_1_311' title='bbox 921 2720 989 2762; x_wconf 71' lang='lat' dir='ltr'><strong>(ed.</strong></span> <span class='ocrx_word' id='word_1_312' title='bbox 1018 2722 1198 2759; x_wconf 79' lang='lat' dir='ltr'><strong>Molinier,</strong></span> <span class='ocrx_word' id='word_1_313' title='bbox 1222 2733 1256 2763; x_wconf 89' lang='lat' dir='ltr'><strong>p.</strong></span> <span class='ocrx_word' id='word_1_314' title='bbox 1279 2722 1341 2761; x_wconf 82' lang='lat'><strong>15),</strong></span> <span class='ocrx_word' id='word_1_315' title='bbox 1360 2732 1403 2752; x_wconf 92' lang='lat' dir='ltr'><strong>en</strong></span> <span class='ocrx_word' id='word_1_316' title='bbox 1421 2722 1554 2752; x_wconf 78' lang='lat' dir='ltr'><strong>faisant</strong></span> <span class='ocrx_word' id='word_1_317' title='bbox 1575 2721 1663 2751; x_wconf 88' lang='lat' dir='ltr'><strong>allu-</strong></span> 
     </span>
     <span class='ocr_line' id='line_1_37' title="bbox 154 2760 1663 2804; baseline 0.001 -12"><span class='ocrx_word' id='word_1_318' title='bbox 154 2761 233 2792; x_wconf 82' lang='lat' dir='ltr'><strong>sion</strong></span> <span class='ocrx_word' id='word_1_319' title='bbox 251 2770 320 2792; x_wconf 85' lang='lat' dir='ltr'><strong>aux</strong></span> <span class='ocrx_word' id='word_1_320' title='bbox 334 2760 609 2793; x_wconf 75' lang='lat' dir='ltr'><strong>mesaventures</strong></span> <span class='ocrx_word' id='word_1_321' title='bbox 627 2762 834 2802; x_wconf 78' lang='lat' dir='ltr'><strong>conjugales</strong></span> <span class='ocrx_word' id='word_1_322' title='bbox 855 2762 1140 2804; x_wconf 80' lang='lat' dir='ltr'><strong>d&#39;Enguerrand,</strong></span> <span class='ocrx_word' id='word_1_323' title='bbox 1159 2764 1219 2804; x_wconf 87' lang='lat' dir='ltr'><strong>qui</strong></span> <span class='ocrx_word' id='word_1_324' title='bbox 1239 2763 1376 2795; x_wconf 87' lang='lat' dir='ltr'><strong>semble</strong></span> <span class='ocrx_word' id='word_1_325' title='bbox 1393 2773 1436 2794; x_wconf 87' lang='lat' dir='ltr'><strong>en</strong></span> <span class='ocrx_word' id='word_1_326' title='bbox 1455 2764 1541 2794; x_wconf 83' lang='lat' dir='ltr'><strong>ell’et</strong></span> <span class='ocrx_word' id='word_1_327' title='bbox 1559 2762 1663 2793; x_wconf 77' lang='lat' dir='ltr'><strong>avoir</strong></span> 
     </span>
     <span class='ocr_line' id='line_1_38' title="bbox 154 2801 1666 2847; baseline 0 -13"><span class='ocrx_word' id='word_1_328' title='bbox 154 2801 313 2844; x_wconf 76' lang='lat' dir='ltr'><strong>abdique</strong></span> <span class='ocrx_word' id='word_1_329' title='bbox 327 2805 410 2835; x_wconf 84' lang='lat' dir='ltr'><strong>tous</strong></span> <span class='ocrx_word' id='word_1_330' title='bbox 427 2812 485 2835; x_wconf 82' lang='lat' dir='ltr'><strong>ses</strong></span> <span class='ocrx_word' id='word_1_331' title='bbox 503 2803 652 2835; x_wconf 87' lang='lat' dir='ltr'><strong>devoirs</strong></span> <span class='ocrx_word' id='word_1_332' title='bbox 675 2804 718 2835; x_wconf 89' lang='lat' dir='ltr'><strong>de</strong></span> <span class='ocrx_word' id='word_1_333' title='bbox 743 2804 826 2844; x_wconf 76' lang='lat' dir='ltr'><strong>pere</strong></span> <span class='ocrx_word' id='word_1_334' title='bbox 849 2804 939 2836; x_wconf 87' lang='lat' dir='ltr'><strong>dans</strong></span> <span class='ocrx_word' id='word_1_335' title='bbox 963 2805 997 2837; x_wconf 87' lang='lat' dir='ltr'><strong>la</strong></span> <span class='ocrx_word' id='word_1_336' title='bbox 1025 2805 1131 2842; x_wconf 74' lang='lat' dir='ltr'><strong>suite,</strong></span> <span class='ocrx_word' id='word_1_337' title='bbox 1156 2805 1322 2847; x_wconf 77' lang='lat' dir='ltr'><strong>puisquc,</strong></span> <span class='ocrx_word' id='word_1_338' title='bbox 1348 2814 1487 2836; x_wconf 88' lang='lat' dir='ltr'><strong>comme</strong></span> <span class='ocrx_word' id='word_1_339' title='bbox 1510 2804 1666 2836; x_wconf 85' lang='lat' dir='ltr'><strong>Guibert</strong></span> 
     </span>
    </p>
   </div>
   <div class='ocr_carea' id='block_1_10' title="bbox 288 2880 1506 2909">
    <p class='ocr_par' dir='ltr' id='par_1_14' title="bbox 288 2880 1506 2909">
     <span class='ocr_line' id='line_1_39' title="bbox 288 2880 1506 2909; baseline 0 -1"><span class='ocrx_word' id='word_1_340' title='bbox 288 2880 361 2908; x_wconf 83' lang='lat' dir='ltr'><strong>Ven.</strong></span> <span class='ocrx_word' id='word_1_341' title='bbox 384 2880 532 2909; x_wconf 76' lang='lat' dir='ltr'><strong>Guiberti</strong></span> <span class='ocrx_word' id='word_1_342' title='bbox 551 2880 627 2908; x_wconf 74' lang='lat' dir='ltr'><strong>vita.</strong></span> <span class='ocrx_word' id='word_1_343' title='bbox 1477 2883 1506 2908; x_wconf 76' lang='lat'><strong>1⁴2</strong></span> 
     </span>
    </p>
   </div>
  </div>
 </body>
</html>
