1930 3224
275 247 358 291 104
685 259 785 293 vnN.
823 265 1013 293 omnum]
1046 266 1152 295 vrrAE
1184 266 1303 295 mnan
1335 267 1364 294 11

268 361 313 402 in
358 361 422 403 eis
468 366 574 404 sunt
619 377 766 404 creare
816 362 1072 405 nullatenus
1115 364 1333 421 potuisse,
1385 381 1497 423 quos
1541 366 1756 411 coelorum

270 445 511 487 aerumque
530 430 784 482 clementia,
802 435 845 472 et
861 435 989 472 tem-{0
1004 431 1251 488 opulentia,
1277 433 1361 474 hoc
1385 433 1428 474 in
1446 434 1756 477 mundo⁸con-

268 497 382 539 stitit
410 497 644 541 coaluisse.
688 498 860 539 Horum
902 514 1007 555 ergo
1051 500 1249 542 numinis
1288 501 1459 543 ratione
1492 501 1754 559 disperdita,

270 581 368 606 meo
395 566 575 607 tandem
599 566 901 607 certissimum
926 567 1050 609 sedet
1073 567 1270 625 ingenio,
1293 569 1363 610 his
1380 569 1527 610 divina
1553 569 1598 611 in
1621 570 1756 626 finem

266 632 531 674 autoritateb
553 634 755 690 privatiS,
777 649 1068 694 unumposse
1101 640 1145 677 et
1172 636 1332 678 debere
1359 637 1478 678 credi
1510 637 1644 679 unius
1671 637 1752 680 Dei

269 701 496 757 opificium
511 717 560 743 ac
588 701 803 757 regimen,
834 718 857 743 a
884 718 971 759 quo
983 718 1072 744 uno
1099 703 1215 745 sicut
1235 709 1340 746 sunt
1360 705 1525 757 onmia,
1551 705 1610 747 ita
1639 721 1689 747 ea
1708 705 1754 747 in
1789 752 1793 755 ,

268 784 314 810 se
341 769 575 810 continens
596 774 893 826 attemperat⁶
916 770 1139 813 universa.
1163 772 1407 828 Postquam
1435 773 1527 815 Deo
1545 777 1613 815 est
1627 787 1754 815 mens

269 852 367 878 mea
380 837 610 893 coagulata
621 837 642 863 ‘1
657 838 740 879 sub
760 853 866 889 uno,
890 843 932 880 et
951 838 1135 880 delubra
1151 839 1527 898 delubrorumque
1542 840 1754 897 figmenta

270 909 437 946 aeterno
468 910 573 947 sunt
595 905 791 963 projecta
816 906 1013 959 fastidio,
1042 907 1171 964 quasi
1204 907 1441 949 defecatis-,⁰
1462 907 1552 963 jam
1584 908 1640 950 ab
1665 908 1758 950 ido-

270 972 411 1013 latriae
426 972 444 1006 s
463 973 639 1015 sentina
664 974 936 1030 praecordiis,
961 974 1133 1031 puritas
1153 974 1274 1017 illico
1295 990 1317 1016 e
1333 975 1592 1018 coelestibus
1616 976 1756 1018 totius

273 1055 388 1081 verae
415 1041 644 1098 religionis
662 1041 884 1084 inclaruit.
917 1042 1034 1083 Nam
1051 1042 1200 1084 divina
1222 1058 1330 1084 voce
1361 1059 1463 1084 mox
1489 1043 1652 1100 jubeor
1673 1044 1759 1086 huc

271 1108 441 1160 venire,
469 1109 564 1161 ubi,
586 1109 632 1150 in
659 1108 991 1167 dispensatione
1016 1110 1098 1151 Dei
1132 1110 1234 1152 Filii
1266 1126 1408 1168 nuper
1430 1111 1567 1168 passi,
1596 1111 1762 1153 veritas

272 1176 414 1218 unicae
432 1177 710 1219 credulitatis
742 1193 820 1235 per
837 1193 918 1219 vos
952 1177 1062 1219 mihi
1093 1178 1307 1220 tradenda
1332 1179 1609 1235 promittitur
1643 1194 1757 1222 esse.

273 1239 501 1286 Per‘hanc
524 1260 629 1301 ergo
663 1246 946 1302 pronunciati
982 1245 1091 1287 mihi
1121 1246 1321 1299 luminis,
1349 1262 1484 1303 quam
1505 1246 1759 1304 impraesen-

271 1311 466 1354 tiarumv
479 1313 628 1366 video,
640 1314 929 1368 Genitricem,
945 1318 989 1356 et
1003 1328 1081 1370 per
1095 1318 1243 1355 vestra
1261 1330 1342 1356 vos
1354 1319 1582 1356 contestor
1593 1313 1754 1367 officia,

270 1384 320 1422 ut
347 1381 456 1422 mihi
474 1381 710 1438 praebeatis
728 1381 861 1437 hujus
886 1382 1233 1438 regenerationis
1261 1397 1388 1423 novae
1412 1382 1640 1439 mysteria.
1669 1400 1688 1421 »

332 1448 414 1489 His
442 1449 620 1501 Petrus,
654 1465 755 1491 cum
782 1449 900 1491 felici
930 1449 1008 1490 illo
1041 1449 1228 1506 collegio
1251 1449 1333 1491 sub
1361 1450 1499 1492 Maria
1527 1450 1757 1492 coelestem

271 1521 438 1558 coetum
458 1517 746 1571 clarificante,
763 1518 945 1570 auditis,
972 1518 1054 1559 Dei
1075 1522 1118 1559 et
1136 1517 1331 1559 hominis
1345 1517 1444 1559 Filii
1471 1517 1758 1575 magnificen-

270 1584 381 1626 tiam
403 1585 716 1636 adoraverunt,
747 1586 838 1642 qui,
869 1601 969 1627 cum
998 1601 1167 1636 recens,
1198 1590 1242 1627 et
1273 1586 1428 1642 gratiae
1461 1585 1759 1642 praedicatori-

271 1652 355 1693 bus
373 1653 632 1710 nunquam'l
653 1653 797 1695 adhuc
825 1653 1007 1710 sparsis,
1038 1652 1228 1695 salutem
1248 1653 1294 1694 in
1320 1653 1466 1695 medio
1485 1658 1613 1695 terrae
1634 1653 1760 1695 fecis-

271 1725 354 1772 set,
378 1736 506 1762 novae
526 1721 821 1779 plenitudinis
854 1721 988 1777 hujus
1008 1720 1166 1778 jamin
1198 1721 1542 1763 occidentalium
1567 1721 1758 1778 partium

270 1788 382 1830 fines
402 1794 495 1831 tam
519 1789 667 1831 subito
690 1789 824 1831 verba
854 1789 1060 1831 fudisset.
1094 1788 1273 1831 Tradita
1297 1789 1435 1845 igitur
1458 1789 1628 1830 homini
1654 1788 1759 1831 fidei

270 1857 440 1913 regula,
459 1862 502 1899 et
522 1862 760 1915 sequenter
774 1857 926 1899 abluto
945 1857 1230 1914 baptismatis
1246 1857 1382 1909 unda,
1403 1857 1568 1899 ibidem
1583 1855 1759 1907 Quilius

271 1939 434 1966 nomen
468 1926 652 1982 accepit.
704 1925 1004 1968 Confirmatus
1045 1925 1194 1981 itaque
1234 1925 1316 1966 sub
1343 1929 1570 1967 tantorum
1606 1923 1757 1966 schola

272 1993 607 2049 magistrorum,
652 2009 786 2050 super
835 1993 930 2050 ejus
979 1993 1097 2050 quod
1160 1998 1417 2049 susceperat
1460 1992 1756 2048 intelligentia

271 2061 553 2114 sacramenti,
593 2061 877 2117 digressurus
906 2060 960 2102 ab
991 2061 1100 2118 ipsis
1136 2065 1180 2102 et
1215 2061 1436 2102 rediturus
1471 2060 1527 2102 ad
1559 2060 1755 2118 propria,

271 2144 393 2169 sacra
416 2129 704 2186 reliquiarum
730 2130 785 2170 ab
812 2129 876 2170 eis
901 2129 1050 2184 exegit
1074 2128 1194 2170 fideli
1226 2128 1357 2170 corde
1379 2128 1578 2185 pignera,
1609 2127 1756 2169 dehis

270 2196 480 2238 videlicet
507 2213 604 2253 quw¹
629 2197 802 2254 corpori
825 2197 1072 2239 Salvatoris
1098 2196 1316 2239 didicerat
1341 2196 1479 2237 fuisse
1506 2195 1753 2251 contigua:

268 2264 322 2305 de
361 2264 553 2306 vinculis
586 2280 692 2321 ergo
732 2265 894 2322 quibus
928 2264 1171 2306 Dominum
1219 2264 1275 2306 ad
1323 2263 1521 2321 stipitem
1564 2263 1757 2319 ligatum

268 2338 469 2386 noverat,
497 2332 550 2374 de
574 2333 726 2389 flagris
748 2333 908 2389 quibus
933 2332 1069 2388 impia
1098 2346 1256 2384 manus
1285 2331 1482 2373 membra
1505 2330 1632 2372 beata
1661 2330 1755 2371 sul—

268 2405 459 2452 caverat,
490 2400 543 2442 de
569 2400 725 2457 spineo
759 2405 894 2453 serto,
928 2401 1048 2457 quod
1074 2415 1248 2441 sacrum
1271 2404 1405 2455 caput
1441 2398 1673 2449 ambierat,
1703 2398 1756 2440 de

266 2468 362 2524 ipso
385 2468 527 2510 crucis
544 2469 680 2524 ligno,
706 2469 776 2509 cui
797 2484 1022 2525 appensus
1046 2468 1204 2519 fuerat,
1223 2467 1276 2509 de
1300 2467 1484 2509 camisia
1507 2466 1590 2507 Dei
1614 2465 1753 2507 Geni-

268 2536 391 2577 tricis
411 2537 437 2589 ¹,
457 2537 502 2577 in
516 2552 618 2593 qua,
642 2541 692 2577 ut
707 2536 884 2587 dicitur,
902 2536 1140 2577 Dominum
1158 2535 1289 2576 enixa
1303 2535 1463 2586 fuerat,
1478 2534 1531 2575 de
1553 2533 1752 2575 omnium

307 2658 338 2678 ιι.
358 2648 457 2678 Corr.
474 2648 553 2678 deB
570 2648 618 2687 (ct
635 2648 692 2686 D).
711 2647 813 2678 modo
831 2648 872 2678 X.
886 2666 927 2670 —
944 2647 977 2678 b.
996 2646 1218 2678 authoritate
1234 2647 1275 2677 1).
1289 2664 1328 2668 -
1346 2656 1374 2676 c.
1388 2645 1486 2676 Corr.
1507 2646 1549 2675 de
1568 2645 1609 2676 D.
1623 2645 1754 2675 actem-

266 2690 368 2759 sserat
386 2690 424 2720 B.
444 2708 478 2735 ῖ-
498 2690 531 2720 ιΙ.
552 2690 658 2736 Cori-3
671 2690 714 2719 de
734 2689 775 2719 D.
797 2689 987 2730 eoayulalo
1000 2689 1041 2719 B.
1062 2707 1103 2710 —
1117 2698 1148 2719 e.
1166 2686 1350 2727 defaecatis
1368 2687 1415 2718 D.
1435 2704 1474 2709 -—-
1490 2686 1522 2726 f.
1537 2685 1752 2717 idololatria>

304 2754 309 2760 .
329 2749 370 2752 —
385 2741 423 2771 q.
449 2733 762 2771 impresentiarum
778 2731 825 2761 1).
842 2749 880 2752 -
899 2730 932 2760 le.
958 2740 1155 2771 numquam
1171 2729 1215 2761 D.

310 2846 336 2873 l.
363 2844 418 2873 Au
437 2843 529 2882 sujct
545 2844 587 2874 de
605 2844 638 2874 la
666 2843 821 2873 chemise
836 2843 926 2873 dela
945 2843 1085 2881 Vierge,
1103 2842 1148 2873 cf.
1165 2841 1197 2872 la
1214 2852 1248 2871 n.
1269 2845 1297 2874 2,
1318 2851 1352 2880 p.
1369 2844 1419 2871 61.
