<?xml version="1.0" encoding="UTF-8"?>
<!DOCTYPE html PUBLIC "-//W3C//DTD XHTML 1.0 Transitional//EN"
    "http://www.w3.org/TR/xhtml1/DTD/xhtml1-transitional.dtd">
<html xmlns="http://www.w3.org/1999/xhtml" xml:lang="en" lang="en">
 <head>
  <title>
</title>
<meta http-equiv="Content-Type" content="text/html;charset=utf-8" />
  <meta name='ocr-system' content='tesseract 3.04.00' />
  <meta name='ocr-capabilities' content='ocr_page ocr_carea ocr_par ocr_line ocrx_word'/>
</head>
<body>
  <div class='ocr_page' id='page_1' title='image "./histoiredesavie100guibuoft_0140.png"; bbox 0 0 1930 3224; ppageno 0'>
   <div class='ocr_carea' id='block_1_1' title="bbox 1918 140 1930 163">
    <p class='ocr_par' dir='ltr' id='par_1_1' title="bbox 1918 140 1930 163">
     <span class='ocr_line' id='line_1_1' title="bbox 1918 140 1930 163; baseline 0 0"><span class='ocrx_word' id='word_1_1' title='bbox 1918 140 1930 163; x_wconf 75' lang='lat'>²1</span> 
     </span>
    </p>
   </div>
   <div class='ocr_carea' id='block_1_2' title="bbox 290 257 1389 304">
    <p class='ocr_par' dir='ltr' id='par_1_2' title="bbox 290 257 1389 304">
     <span class='ocr_line' id='line_1_2' title="bbox 290 257 1389 304; baseline 0.003 -4"><span class='ocrx_word' id='word_1_2' title='bbox 290 257 344 301; x_wconf 85' lang='lat'>66</span> <span class='ocrx_word' id='word_1_3' title='bbox 706 273 806 302; x_wconf 67' lang='lat' dir='ltr'>vm.</span> <span class='ocrx_word' id='word_1_4' title='bbox 852 272 1044 302; x_wconf 76' lang='lat' dir='ltr'><strong>GUIBERTI</strong></span> <span class='ocrx_word' id='word_1_5' title='bbox 1087 275 1194 304; x_wconf 72' lang='lat' dir='ltr'>vlffl</span> <span class='ocrx_word' id='word_1_6' title='bbox 1225 275 1344 303; x_wconf 69' lang='lat' dir='ltr'>mann</span> <span class='ocrx_word' id='word_1_7' title='bbox 1375 276 1389 303; x_wconf 92' lang='lat'>1</span> 
     </span>
    </p>
   </div>
   <div class='ocr_carea' id='block_1_3' title="bbox 282 368 1776 2202">
    <p class='ocr_par' dir='ltr' id='par_1_3' title="bbox 282 368 1776 2133">
     <span class='ocr_line' id='line_1_3' title="bbox 345 368 1770 428; baseline 0.004 -17"><span class='ocrx_word' id='word_1_8' title='bbox 345 368 461 411; x_wconf 88' lang='lat' dir='ltr'>Cum</span> <span class='ocrx_word' id='word_1_9' title='bbox 483 369 634 427; x_wconf 90' lang='lat' dir='ltr'>itaque</span> <span class='ocrx_word' id='word_1_10' title='bbox 661 385 792 427; x_wconf 88' lang='lat' dir='ltr'>poena</span> <span class='ocrx_word' id='word_1_11' title='bbox 830 370 1001 427; x_wconf 88' lang='lat' dir='ltr'>peccati</span> <span class='ocrx_word' id='word_1_12' title='bbox 1036 370 1318 414; x_wconf 90' lang='lat' dir='ltr'>intellectum</span> <span class='ocrx_word' id='word_1_13' title='bbox 1352 371 1552 414; x_wconf 83' lang='lat' dir='ltr'><strong>dedisset</strong></span> <span class='ocrx_word' id='word_1_14' title='bbox 1580 372 1770 428; x_wconf 79' lang='lat' dir='ltr'>auditui,</span> 
     </span>
     <span class='ocr_line' id='line_1_4' title="bbox 286 437 1772 490; baseline 0.003 -11"><span class='ocrx_word' id='word_1_15' title='bbox 286 441 393 479; x_wconf 88' lang='lat' dir='ltr'>tunc</span> <span class='ocrx_word' id='word_1_16' title='bbox 420 438 604 480; x_wconf 90' lang='lat' dir='ltr'>demum</span> <span class='ocrx_word' id='word_1_17' title='bbox 624 438 798 480; x_wconf 90' lang='lat' dir='ltr'>inutilis</span> <span class='ocrx_word' id='word_1_18' title='bbox 830 437 967 480; x_wconf 92' lang='lat' dir='ltr'>studii</span> <span class='ocrx_word' id='word_1_19' title='bbox 986 443 1213 481; x_wconf 81' lang='lat' dir='ltr'>marcente</span> <span class='ocrx_word' id='word_1_20' title='bbox 1244 439 1463 490; x_wconf 82' lang='lat' dir='ltr'>socordia,</span> <span class='ocrx_word' id='word_1_21' title='bbox 1493 455 1596 483; x_wconf 91' lang='lat' dir='ltr'>cum</span> <span class='ocrx_word' id='word_1_22' title='bbox 1621 445 1772 484; x_wconf 87' lang='lat' dir='ltr'>tamen</span> 
     </span>
     <span class='ocr_line' id='line_1_5' title="bbox 286 505 1775 567; baseline 0.003 -20"><span class='ocrx_word' id='word_1_23' title='bbox 286 505 366 547; x_wconf 92' lang='lat' dir='ltr'>otii</span> <span class='ocrx_word' id='word_1_24' title='bbox 386 505 626 563; x_wconf 80' lang='lat' dir='ltr'>impatiens</span> <span class='ocrx_word' id='word_1_25' title='bbox 641 521 804 558; x_wconf 86' lang='lat' dir='ltr'>essem,</span> <span class='ocrx_word' id='word_1_26' title='bbox 822 505 949 563; x_wconf 81' lang='lat' dir='ltr'>quasi</span> <span class='ocrx_word' id='word_1_27' title='bbox 964 521 1017 548; x_wconf 86' lang='lat' dir='ltr'>ex</span> <span class='ocrx_word' id='word_1_28' title='bbox 1028 507 1295 550; x_wconf 80' lang='lat' dir='ltr'>necessitate</span> <span class='ocrx_word' id='word_1_29' title='bbox 1319 507 1512 565; x_wconf 86' lang='lat' dir='ltr'>rejectus</span> <span class='ocrx_word' id='word_1_30' title='bbox 1527 515 1545 535; x_wconf 63' lang='grc' dir='ltr'>ἃ</span> <span class='ocrx_word' id='word_1_31' title='bbox 1559 508 1775 567; x_wconf 80' lang='lat' dir='ltr'>imagina-</span> 
     </span>
     <span class='ocr_line' id='line_1_6' title="bbox 284 573 1773 631; baseline 0.003 -16"><span class='ocrx_word' id='word_1_32' title='bbox 284 573 501 627; x_wconf 82' lang='lat' dir='ltr'>tionibus,</span> <span class='ocrx_word' id='word_1_33' title='bbox 543 573 862 630; x_wconf 80' lang='lat' dir='ltr'>spiritualitate</span> <span class='ocrx_word' id='word_1_34' title='bbox 901 577 1096 631; x_wconf 89' lang='lat' dir='ltr'>recepta,</span> <span class='ocrx_word' id='word_1_35' title='bbox 1129 574 1186 617; x_wconf 92' lang='lat' dir='ltr'>ad</span> <span class='ocrx_word' id='word_1_36' title='bbox 1221 575 1433 617; x_wconf 88' lang='lat' dir='ltr'>exercitia</span> <span class='ocrx_word' id='word_1_37' title='bbox 1470 575 1773 620; x_wconf 78' lang='lat' dir='ltr'>commodiora</span> 
     </span>
     <span class='ocr_line' id='line_1_7' title="bbox 285 641 1774 702; baseline 0.003 -19"><span class='ocrx_word' id='word_1_38' title='bbox 285 641 484 698; x_wconf 83' lang='lat' dir='ltr'>perveni.</span> <span class='ocrx_word' id='word_1_39' title='bbox 510 641 637 699; x_wconf 88' lang='lat' dir='ltr'>Coepi</span> <span class='ocrx_word' id='word_1_40' title='bbox 648 641 785 698; x_wconf 83' lang='lat' dir='ltr'>igitur</span> <span class='ocrx_word' id='word_1_41' title='bbox 799 641 895 698; x_wconf 89' lang='lat' dir='ltr'>jam</span> <span class='ocrx_word' id='word_1_42' title='bbox 922 657 1021 683; x_wconf 92' lang='lat' dir='ltr'>sero</span> <span class='ocrx_word' id='word_1_43' title='bbox 1048 642 1104 684; x_wconf 91' lang='lat' dir='ltr'>ad</span> <span class='ocrx_word' id='word_1_44' title='bbox 1134 642 1196 697; x_wconf 86' lang='lat' dir='ltr'>id,</span> <span class='ocrx_word' id='word_1_45' title='bbox 1227 643 1347 700; x_wconf 91' lang='lat' dir='ltr'>quod</span> <span class='ocrx_word' id='word_1_46' title='bbox 1374 659 1490 701; x_wconf 88' lang='lat' dir='ltr'>saepe</span> <span class='ocrx_word' id='word_1_47' title='bbox 1517 659 1542 686; x_wconf 88' lang='lat' dir='ltr'>a</span> <span class='ocrx_word' id='word_1_48' title='bbox 1566 643 1774 702; x_wconf 84' lang='lat' dir='ltr'>plurimis</span> 
     </span>
     <span class='ocr_line' id='line_1_8' title="bbox 285 709 1776 766; baseline 0.003 -16"><span class='ocrx_word' id='word_1_49' title='bbox 285 709 397 751; x_wconf 90' lang='lat' dir='ltr'>mihi</span> <span class='ocrx_word' id='word_1_50' title='bbox 422 709 552 751; x_wconf 90' lang='lat' dir='ltr'>bonis</span> <span class='ocrx_word' id='word_1_51' title='bbox 579 709 837 751; x_wconf 89' lang='lat' dir='ltr'>doctoribus</span> <span class='ocrx_word' id='word_1_52' title='bbox 863 709 1178 766; x_wconf 72' lang='lat' dir='ltr'>praestillatum</span> <span class='ocrx_word' id='word_1_53' title='bbox 1204 710 1364 765; x_wconf 75' lang='lat' dir='ltr'>fuerat,</span> <span class='ocrx_word' id='word_1_54' title='bbox 1400 711 1626 766; x_wconf 89' lang='lat' dir='ltr'>anhelare,</span> <span class='ocrx_word' id='word_1_55' title='bbox 1655 712 1776 755; x_wconf 87' lang='lat' dir='ltr'>scili-</span> 
     </span>
     <span class='ocr_line' id='line_1_9' title="bbox 282 777 1771 837; baseline 0.003 -18"><span class='ocrx_word' id='word_1_56' title='bbox 282 782 352 819; x_wconf 88' lang='lat' dir='ltr'>cet</span> <span class='ocrx_word' id='word_1_57' title='bbox 376 777 710 835; x_wconf 87' lang='lat' dir='ltr'>Scripturarum</span> <span class='ocrx_word' id='word_1_58' title='bbox 746 777 1015 820; x_wconf 90' lang='lat' dir='ltr'>commentis</span> <span class='ocrx_word' id='word_1_59' title='bbox 1048 778 1298 832; x_wconf 88' lang='lat' dir='ltr'>intendere,</span> <span class='ocrx_word' id='word_1_60' title='bbox 1330 779 1604 837; x_wconf 87' lang='lat' dir='ltr'>Gregoriana</span> <span class='ocrx_word' id='word_1_61' title='bbox 1634 779 1771 834; x_wconf 81' lang='lat' dir='ltr'>dicta,</span> 
     </span>
     <span class='ocr_line' id='line_1_10' title="bbox 283 845 1775 904; baseline 0.004 -18"><span class='ocrx_word' id='word_1_62' title='bbox 283 845 329 886; x_wconf 90' lang='lat' dir='ltr'>in</span> <span class='ocrx_word' id='word_1_63' title='bbox 357 845 519 903; x_wconf 89' lang='lat' dir='ltr'>quibus</span> <span class='ocrx_word' id='word_1_64' title='bbox 552 846 660 888; x_wconf 88' lang='lat' dir='ltr'>artis</span> <span class='ocrx_word' id='word_1_65' title='bbox 689 845 822 903; x_wconf 91' lang='lat' dir='ltr'>hujus</span> <span class='ocrx_word' id='word_1_66' title='bbox 844 846 1133 903; x_wconf 90' lang='lat' dir='ltr'>potissimum</span> <span class='ocrx_word' id='word_1_67' title='bbox 1161 847 1445 904; x_wconf 88' lang='lat' dir='ltr'>reperiuntur</span> <span class='ocrx_word' id='word_1_68' title='bbox 1480 847 1647 902; x_wconf 88' lang='lat' dir='ltr'>claves,</span> <span class='ocrx_word' id='word_1_69' title='bbox 1681 863 1775 892; x_wconf 85' lang='lat' dir='ltr'>cre-—</span> 
     </span>
     <span class='ocr_line' id='line_1_11' title="bbox 284 913 1774 973; baseline 0.003 -18"><span class='ocrx_word' id='word_1_70' title='bbox 284 913 408 955; x_wconf 86' lang='lat' dir='ltr'>brius</span> <span class='ocrx_word' id='word_1_71' title='bbox 431 918 587 967; x_wconf 88' lang='lat' dir='ltr'>terere,</span> <span class='ocrx_word' id='word_1_72' title='bbox 618 914 867 956; x_wconf 91' lang='lat' dir='ltr'>secundum</span> <span class='ocrx_word' id='word_1_73' title='bbox 893 919 1097 967; x_wconf 78' lang='lat' dir='ltr'>veterum</span> <span class='ocrx_word' id='word_1_74' title='bbox 1117 920 1352 958; x_wconf 90' lang='lat' dir='ltr'>auctorum</span> <span class='ocrx_word' id='word_1_75' title='bbox 1371 915 1568 973; x_wconf 85' lang='lat' dir='ltr'>regulas,</span> <span class='ocrx_word' id='word_1_76' title='bbox 1594 916 1650 959; x_wconf 87' lang='lat' dir='ltr'>ad</span> <span class='ocrx_word' id='word_1_77' title='bbox 1668 917 1774 960; x_wconf 86' lang='lat' dir='ltr'>alle-</span> 
     </span>
     <span class='ocr_line' id='line_1_12' title="bbox 285 982 1775 1043; baseline 0.003 -20"><span class='ocrx_word' id='word_1_78' title='bbox 285 982 504 1039; x_wconf 84' lang='lat' dir='ltr'>goricum,</span> <span class='ocrx_word' id='word_1_79' title='bbox 535 998 614 1024; x_wconf 87' lang='lat' dir='ltr'>seu</span> <span class='ocrx_word' id='word_1_80' title='bbox 639 982 873 1035; x_wconf 86' lang='lat' dir='ltr'>moralem,</span> <span class='ocrx_word' id='word_1_81' title='bbox 900 982 1009 1040; x_wconf 91' lang='lat' dir='ltr'>quin</span> <span class='ocrx_word' id='word_1_82' title='bbox 1038 986 1082 1025; x_wconf 90' lang='lat' dir='ltr'>et</span> <span class='ocrx_word' id='word_1_83' title='bbox 1108 983 1433 1041; x_wconf 85' lang='lat' dir='ltr'>anagogicum¹</span> <span class='ocrx_word' id='word_1_84' title='bbox 1463 999 1646 1027; x_wconf 90' lang='lat' dir='ltr'>sensum</span> <span class='ocrx_word' id='word_1_85' title='bbox 1673 1000 1775 1043; x_wconf 87' lang='lat' dir='ltr'>pro-</span> 
     </span>
     <span class='ocr_line' id='line_1_13' title="bbox 282 1049 1773 1111; baseline 0.003 -20"><span class='ocrx_word' id='word_1_86' title='bbox 282 1050 479 1106; x_wconf 89' lang='lat' dir='ltr'>phetica,</span> <span class='ocrx_word' id='word_1_87' title='bbox 512 1050 585 1092; x_wconf 88' lang='lat' dir='ltr'>vel</span> <span class='ocrx_word' id='word_1_88' title='bbox 617 1049 877 1107; x_wconf 82' lang='lat' dir='ltr'>evangelica</span> <span class='ocrx_word' id='word_1_89' title='bbox 903 1050 1039 1093; x_wconf 90' lang='lat' dir='ltr'>verba</span> <span class='ocrx_word' id='word_1_90' title='bbox 1071 1051 1386 1109; x_wconf 85' lang='lat' dir='ltr'>perstringere.</span> <span class='ocrx_word' id='word_1_91' title='bbox 1426 1052 1478 1094; x_wconf 91' lang='lat' dir='ltr'>In</span> <span class='ocrx_word' id='word_1_92' title='bbox 1511 1052 1583 1095; x_wconf 88' lang='lat' dir='ltr'>his</span> <span class='ocrx_word' id='word_1_93' title='bbox 1617 1052 1773 1111; x_wconf 87' lang='lat' dir='ltr'>praeci-</span> 
     </span>
     <span class='ocr_line' id='line_1_14' title="bbox 282 1117 1770 1175; baseline 0.003 -16"><span class='ocrx_word' id='word_1_94' title='bbox 282 1133 424 1174; x_wconf 91' lang='lat' dir='ltr'>puum</span> <span class='ocrx_word' id='word_1_95' title='bbox 452 1117 588 1173; x_wconf 77' lang='lat' dir='ltr'>habui</span> <span class='ocrx_word' id='word_1_96' title='bbox 615 1118 892 1161; x_wconf 85' lang='lat' dir='ltr'>incentorem</span> <span class='ocrx_word' id='word_1_97' title='bbox 926 1119 1198 1161; x_wconf 84' lang='lat' dir='ltr'>Beccensem</span> <span class='ocrx_word' id='word_1_98' title='bbox 1232 1119 1441 1162; x_wconf 91' lang='lat' dir='ltr'>abbatem</span> <span class='ocrx_word' id='word_1_99' title='bbox 1484 1120 1770 1175; x_wconf 87' lang='lat' dir='ltr'>Anselmum‚</span> 
     </span>
     <span class='ocr_line' id='line_1_15' title="bbox 282 1186 1775 1247; baseline 0.003 -20"><span class='ocrx_word' id='word_1_100' title='bbox 282 1191 440 1242; x_wconf 86' lang='lat' dir='ltr'>postea</span> <span class='ocrx_word' id='word_1_101' title='bbox 459 1186 830 1240; x_wconf 85' lang='lat' dir='ltr'>Cantuariensem</span> <span class='ocrx_word' id='word_1_102' title='bbox 851 1187 1255 1244; x_wconf 89' lang='lat' dir='ltr'>archiepiscopum,</span> <span class='ocrx_word' id='word_1_103' title='bbox 1284 1203 1339 1230; x_wconf 86' lang='lat' dir='ltr'>ex</span> <span class='ocrx_word' id='word_1_104' title='bbox 1357 1187 1648 1246; x_wconf 83' lang='lat' dir='ltr'>transalpinis</span> <span class='ocrx_word' id='word_1_105' title='bbox 1673 1204 1775 1247; x_wconf 87' lang='lat' dir='ltr'>par-</span> 
     </span>
     <span class='ocr_line' id='line_1_16' title="bbox 283 1254 1774 1313; baseline 0.002 -17"><span class='ocrx_word' id='word_1_106' title='bbox 283 1254 421 1307; x_wconf 90' lang='lat' dir='ltr'>tibus,</span> <span class='ocrx_word' id='word_1_107' title='bbox 466 1255 734 1311; x_wconf 86' lang='lat' dir='ltr'>Augustana</span> <span class='ocrx_word' id='word_1_108' title='bbox 782 1255 991 1297; x_wconf 84' lang='lat' dir='ltr'>videlicet</span> <span class='ocrx_word' id='word_1_109' title='bbox 1032 1255 1212 1313; x_wconf 84' lang='lat' dir='ltr'>regione</span> <span class='ocrx_word' id='word_1_110' title='bbox 1236 1257 1268 1309; x_wconf 69' lang='lat'>2,</span> <span class='ocrx_word' id='word_1_111' title='bbox 1321 1256 1577 1310; x_wconf 89' lang='lat' dir='ltr'>oriundum,</span> <span class='ocrx_word' id='word_1_112' title='bbox 1625 1256 1774 1300; x_wconf 80' lang='lat' dir='ltr'>virum</span> 
     </span>
     <span class='ocr_line' id='line_1_17' title="bbox 283 1322 1774 1380; baseline 0.002 -16"><span class='ocrx_word' id='word_1_113' title='bbox 283 1322 682 1380; x_wconf 89' lang='lat' dir='ltr'>incomparabilem</span> <span class='ocrx_word' id='word_1_114' title='bbox 715 1323 996 1366; x_wconf 84' lang='lat' dir='ltr'>documentis</span> <span class='ocrx_word' id='word_1_115' title='bbox 1034 1328 1078 1366; x_wconf 89' lang='lat' dir='ltr'>et</span> <span class='ocrx_word' id='word_1_116' title='bbox 1114 1323 1209 1365; x_wconf 89' lang='lat' dir='ltr'>vita</span> <span class='ocrx_word' id='word_1_117' title='bbox 1240 1324 1578 1367; x_wconf 86' lang='lat' dir='ltr'>sanctissimum</span> <span class='ocrx_word' id='word_1_118' title='bbox 1599 1325 1630 1367; x_wconf 84' lang='lat'>3.</span> <span class='ocrx_word' id='word_1_119' title='bbox 1687 1324 1774 1377; x_wconf 88' lang='lat' dir='ltr'>Qui</span> 
     </span>
     <span class='ocr_line' id='line_1_18' title="bbox 284 1391 1774 1455; baseline 0.002 -23"><span class='ocrx_word' id='word_1_120' title='bbox 284 1405 387 1432; x_wconf 92' lang='lat' dir='ltr'>cum</span> <span class='ocrx_word' id='word_1_121' title='bbox 426 1391 471 1431; x_wconf 94' lang='lat' dir='ltr'>in</span> <span class='ocrx_word' id='word_1_122' title='bbox 510 1391 714 1447; x_wconf 88' lang='lat' dir='ltr'>prioratu</span> <span class='ocrx_word' id='word_1_123' title='bbox 745 1391 966 1448; x_wconf 81' lang='lat' dir='ltr'>praelibati</span> <span class='ocrx_word' id='word_1_124' title='bbox 1000 1391 1192 1434; x_wconf 88' lang='lat' dir='ltr'>coenobii</span> <span class='ocrx_word' id='word_1_125' title='bbox 1227 1392 1373 1435; x_wconf 87' lang='lat' dir='ltr'>adhuc</span> <span class='ocrx_word' id='word_1_126' title='bbox 1399 1397 1572 1450; x_wconf 81' lang='lat' dir='ltr'>ageret,</span> <span class='ocrx_word' id='word_1_127' title='bbox 1589 1408 1683 1453; x_wconf 76' lang='lat' dir='ltr'>suae</span> <span class='ocrx_word' id='word_1_128' title='bbox 1702 1408 1774 1455; x_wconf 84' lang='lat' dir='ltr'>me</span> 
     </span>
     <span class='ocr_line' id='line_1_19' title="bbox 284 1458 1775 1517; baseline 0.003 -18"><span class='ocrx_word' id='word_1_129' title='bbox 284 1458 534 1515; x_wconf 84' lang='lat' dir='ltr'>cognitioni</span> <span class='ocrx_word' id='word_1_130' title='bbox 566 1459 744 1513; x_wconf 87' lang='lat' dir='ltr'>ascivit,</span> <span class='ocrx_word' id='word_1_131' title='bbox 783 1465 827 1502; x_wconf 88' lang='lat' dir='ltr'>et</span> <span class='ocrx_word' id='word_1_132' title='bbox 860 1460 1043 1502; x_wconf 90' lang='lat' dir='ltr'>omnino</span> <span class='ocrx_word' id='word_1_133' title='bbox 1080 1460 1320 1517; x_wconf 90' lang='lat' dir='ltr'>puerulum</span> <span class='ocrx_word' id='word_1_134' title='bbox 1352 1465 1396 1503; x_wconf 85' lang='lat' dir='ltr'>et</span> <span class='ocrx_word' id='word_1_135' title='bbox 1439 1461 1486 1503; x_wconf 91' lang='lat' dir='ltr'>in</span> <span class='ocrx_word' id='word_1_136' title='bbox 1516 1476 1695 1504; x_wconf 85' lang='lat' dir='ltr'>summa</span> <span class='ocrx_word' id='word_1_137' title='bbox 1729 1465 1775 1504; x_wconf 82' lang='lat' dir='ltr'>et</span> 
     </span>
     <span class='ocr_line' id='line_1_20' title="bbox 283 1527 1775 1586; baseline 0.003 -18"><span class='ocrx_word' id='word_1_138' title='bbox 283 1527 431 1569; x_wconf 85' lang='lat' dir='ltr'>aetatis</span> <span class='ocrx_word' id='word_1_139' title='bbox 454 1531 498 1568; x_wconf 84' lang='lat' dir='ltr'>et</span> <span class='ocrx_word' id='word_1_140' title='bbox 519 1543 679 1569; x_wconf 87' lang='lat' dir='ltr'>sensus</span> <span class='ocrx_word' id='word_1_141' title='bbox 706 1527 1005 1570; x_wconf 81' lang='lat' dir='ltr'>teneritudine</span> <span class='ocrx_word' id='word_1_142' title='bbox 1036 1528 1252 1585; x_wconf 89' lang='lat' dir='ltr'>positum,</span> <span class='ocrx_word' id='word_1_143' title='bbox 1288 1528 1480 1586; x_wconf 89' lang='lat' dir='ltr'>qualiter</span> <span class='ocrx_word' id='word_1_144' title='bbox 1516 1529 1775 1572; x_wconf 83' lang='lat' dir='ltr'>interiorem</span> 
     </span>
     <span class='ocr_line' id='line_1_21' title="bbox 285 1595 1775 1654; baseline 0.003 -18"><span class='ocrx_word' id='word_1_145' title='bbox 285 1610 437 1637; x_wconf 90' lang='lat' dir='ltr'>meum</span> <span class='ocrx_word' id='word_1_146' title='bbox 463 1595 693 1637; x_wconf 91' lang='lat' dir='ltr'>hominem</span> <span class='ocrx_word' id='word_1_147' title='bbox 719 1611 915 1653; x_wconf 82' lang='lat' dir='ltr'>agerem,</span> <span class='ocrx_word' id='word_1_148' title='bbox 953 1596 1146 1653; x_wconf 86' lang='lat' dir='ltr'>qualiter</span> <span class='ocrx_word' id='word_1_149' title='bbox 1172 1612 1306 1654; x_wconf 88' lang='lat' dir='ltr'>super</span> <span class='ocrx_word' id='word_1_150' title='bbox 1337 1596 1556 1654; x_wconf 85' lang='lat' dir='ltr'>regimine</span> <span class='ocrx_word' id='word_1_151' title='bbox 1590 1612 1775 1654; x_wconf 91' lang='lat' dir='ltr'>corpus-</span> 
     </span>
     <span class='ocr_line' id='line_1_22' title="bbox 285 1663 1774 1721; baseline 0.003 -17"><span class='ocrx_word' id='word_1_152' title='bbox 285 1663 374 1704; x_wconf 90' lang='lat' dir='ltr'>culi</span> <span class='ocrx_word' id='word_1_153' title='bbox 394 1663 581 1705; x_wconf 84' lang='lat' dir='ltr'>rationis</span> <span class='ocrx_word' id='word_1_154' title='bbox 605 1663 705 1721; x_wconf 87' lang='lat' dir='ltr'>jura</span> <span class='ocrx_word' id='word_1_155' title='bbox 739 1664 1037 1717; x_wconf 89' lang='lat' dir='ltr'>consulerem,</span> <span class='ocrx_word' id='word_1_156' title='bbox 1072 1664 1215 1706; x_wconf 78' lang='lat' dir='ltr'>multa</span> <span class='ocrx_word' id='word_1_157' title='bbox 1241 1679 1312 1707; x_wconf 89' lang='lat' dir='ltr'>me</span> <span class='ocrx_word' id='word_1_158' title='bbox 1339 1665 1498 1708; x_wconf 87' lang='lat' dir='ltr'>docere</span> <span class='ocrx_word' id='word_1_159' title='bbox 1526 1665 1774 1708; x_wconf 74' lang='lat' dir='ltr'>intentione</span> 
     </span>
     <span class='ocr_line' id='line_1_23' title="bbox 283 1731 1774 1792; baseline 0.003 -20"><span class='ocrx_word' id='word_1_160' title='bbox 283 1732 534 1789; x_wconf 88' lang='lat' dir='ltr'>proposuit.</span> <span class='ocrx_word' id='word_1_161' title='bbox 567 1731 654 1783; x_wconf 92' lang='lat' dir='ltr'>Qui</span> <span class='ocrx_word' id='word_1_162' title='bbox 684 1737 787 1774; x_wconf 90' lang='lat' dir='ltr'>ante</span> <span class='ocrx_word' id='word_1_163' title='bbox 812 1732 1055 1785; x_wconf 88' lang='lat' dir='ltr'>abbatiam,</span> <span class='ocrx_word' id='word_1_164' title='bbox 1083 1736 1128 1774; x_wconf 83' lang='lat' dir='ltr'>et</span> <span class='ocrx_word' id='word_1_165' title='bbox 1153 1732 1199 1773; x_wconf 91' lang='lat' dir='ltr'>in</span> <span class='ocrx_word' id='word_1_166' title='bbox 1231 1732 1409 1775; x_wconf 89' lang='lat' dir='ltr'>abbatia</span> <span class='ocrx_word' id='word_1_167' title='bbox 1444 1733 1637 1792; x_wconf 87' lang='lat' dir='ltr'>positus,</span> <span class='ocrx_word' id='word_1_168' title='bbox 1670 1748 1774 1776; x_wconf 90' lang='lat' dir='ltr'>cum</span> 
     </span>
     <span class='ocr_line' id='line_1_24' title="bbox 283 1799 1774 1858; baseline 0.001 -17"><span class='ocrx_word' id='word_1_169' title='bbox 283 1800 339 1841; x_wconf 87' lang='lat' dir='ltr'>ad</span> <span class='ocrx_word' id='word_1_170' title='bbox 385 1799 690 1853; x_wconf 87' lang='lat' dir='ltr'>Flaviacense,</span> <span class='ocrx_word' id='word_1_171' title='bbox 729 1800 773 1842; x_wconf 92' lang='lat' dir='ltr'>in</span> <span class='ocrx_word' id='word_1_172' title='bbox 815 1816 903 1858; x_wconf 92' lang='lat' dir='ltr'>quo</span> <span class='ocrx_word' id='word_1_173' title='bbox 941 1814 1079 1853; x_wconf 88' lang='lat' dir='ltr'>eram,</span> <span class='ocrx_word' id='word_1_174' title='bbox 1121 1801 1463 1854; x_wconf 88' lang='lat' dir='ltr'>monasterium,</span> <span class='ocrx_word' id='word_1_175' title='bbox 1507 1800 1774 1845; x_wconf 86' lang='lat' dir='ltr'>familiarem</span> 
     </span>
     <span class='ocr_line' id='line_1_25' title="bbox 284 1870 1774 1928; baseline 0.002 -17"><span class='ocrx_word' id='word_1_176' title='bbox 284 1870 515 1927; x_wconf 84' lang='lat' dir='ltr'>religionis</span> <span class='ocrx_word' id='word_1_177' title='bbox 543 1875 586 1913; x_wconf 90' lang='lat' dir='ltr'>et</span> <span class='ocrx_word' id='word_1_178' title='bbox 614 1871 828 1913; x_wconf 79' lang='lat' dir='ltr'>doctrinae</span> <span class='ocrx_word' id='word_1_179' title='bbox 857 1887 950 1914; x_wconf 86' lang='lat' dir='ltr'>suae</span> <span class='ocrx_word' id='word_1_180' title='bbox 980 1871 1124 1928; x_wconf 83' lang='lat' dir='ltr'>gratia</span> <span class='ocrx_word' id='word_1_181' title='bbox 1158 1871 1344 1914; x_wconf 87' lang='lat' dir='ltr'>haberet</span> <span class='ocrx_word' id='word_1_182' title='bbox 1372 1872 1634 1926; x_wconf 90' lang='lat' dir='ltr'>adventum,</span> <span class='ocrx_word' id='word_1_183' title='bbox 1663 1872 1774 1915; x_wconf 90' lang='lat' dir='ltr'>adeo</span> 
     </span>
     <span class='ocr_line' id='line_1_26' title="bbox 285 1939 1775 1997; baseline 0.003 -18"><span class='ocrx_word' id='word_1_184' title='bbox 285 1939 438 1980; x_wconf 90' lang='lat' dir='ltr'>sedule</span> <span class='ocrx_word' id='word_1_185' title='bbox 473 1939 583 1980; x_wconf 91' lang='lat' dir='ltr'>mihi</span> <span class='ocrx_word' id='word_1_186' title='bbox 615 1939 878 1982; x_wconf 87' lang='lat' dir='ltr'>eruditionis</span> <span class='ocrx_word' id='word_1_187' title='bbox 917 1939 1183 1997; x_wconf 84' lang='lat' dir='ltr'>indulgebat</span> <span class='ocrx_word' id='word_1_188' title='bbox 1214 1939 1445 1993; x_wconf 82' lang='lat' dir='ltr'>beneficia,</span> <span class='ocrx_word' id='word_1_189' title='bbox 1489 1945 1616 1983; x_wconf 89' lang='lat' dir='ltr'>tanta</span> <span class='ocrx_word' id='word_1_190' title='bbox 1644 1940 1700 1983; x_wconf 90' lang='lat' dir='ltr'>ad</span> <span class='ocrx_word' id='word_1_191' title='bbox 1727 1939 1775 1982; x_wconf 92' lang='lat' dir='ltr'>id</span> 
     </span>
     <span class='ocr_line' id='line_1_27' title="bbox 283 2006 1775 2065; baseline 0.002 -17"><span class='ocrx_word' id='word_1_192' title='bbox 283 2006 542 2049; x_wconf 89' lang='lat' dir='ltr'>elaborabat</span> <span class='ocrx_word' id='word_1_193' title='bbox 580 2007 812 2061; x_wconf 87' lang='lat' dir='ltr'>instantia,</span> <span class='ocrx_word' id='word_1_194' title='bbox 853 2012 903 2050; x_wconf 87' lang='lat' dir='ltr'>ut</span> <span class='ocrx_word' id='word_1_195' title='bbox 938 2008 1068 2050; x_wconf 85' lang='lat' dir='ltr'>unica</span> <span class='ocrx_word' id='word_1_196' title='bbox 1103 2023 1154 2050; x_wconf 92' lang='lat' dir='ltr'>ac</span> <span class='ocrx_word' id='word_1_197' title='bbox 1194 2008 1437 2065; x_wconf 88' lang='lat' dir='ltr'>singularis</span> <span class='ocrx_word' id='word_1_198' title='bbox 1488 2008 1559 2051; x_wconf 86' lang='lat' dir='ltr'>sui</span> <span class='ocrx_word' id='word_1_199' title='bbox 1592 2008 1658 2051; x_wconf 67' lang='lat' dir='ltr'>ad</span> <span class='ocrx_word' id='word_1_200' title='bbox 1691 2023 1775 2051; x_wconf 91' lang='lat' dir='ltr'>nos</span> 
     </span>
     <span class='ocr_line' id='line_1_28' title="bbox 285 2074 1711 2133; baseline 0.002 -17"><span class='ocrx_word' id='word_1_201' title='bbox 285 2074 507 2117; x_wconf 87' lang='lat' dir='ltr'>adventus</span> <span class='ocrx_word' id='word_1_202' title='bbox 529 2080 573 2117; x_wconf 91' lang='lat' dir='ltr'>et</span> <span class='ocrx_word' id='word_1_203' title='bbox 590 2075 962 2133; x_wconf 88' lang='lat' dir='ltr'>frequentationis</span> <span class='ocrx_word' id='word_1_204' title='bbox 982 2091 1065 2133; x_wconf 83' lang='lat' dir='ltr'>ego</span> <span class='ocrx_word' id='word_1_205' title='bbox 1092 2076 1268 2118; x_wconf 90' lang='lat' dir='ltr'>viderer</span> <span class='ocrx_word' id='word_1_206' title='bbox 1291 2077 1414 2119; x_wconf 90' lang='lat' dir='ltr'>solus</span> <span class='ocrx_word' id='word_1_207' title='bbox 1437 2092 1535 2119; x_wconf 89' lang='lat' dir='ltr'>esse</span> <span class='ocrx_word' id='word_1_208' title='bbox 1562 2092 1711 2120; x_wconf 85' lang='lat' dir='ltr'>causa.</span> 
     </span>
    </p>

    <p class='ocr_par' dir='ltr' id='par_1_4' title="bbox 341 2143 1775 2202">
     <span class='ocr_line' id='line_1_29' title="bbox 341 2143 1775 2202; baseline 0.002 -18"><span class='ocrx_word' id='word_1_209' title='bbox 341 2143 384 2185; x_wconf 90' lang='lat' dir='ltr'>Is</span> <span class='ocrx_word' id='word_1_210' title='bbox 404 2143 554 2200; x_wconf 89' lang='lat' dir='ltr'>itaque</span> <span class='ocrx_word' id='word_1_211' title='bbox 572 2144 797 2201; x_wconf 90' lang='lat' dir='ltr'>tripartito</span> <span class='ocrx_word' id='word_1_212' title='bbox 826 2148 903 2186; x_wconf 91' lang='lat' dir='ltr'>aut</span> <span class='ocrx_word' id='word_1_213' title='bbox 924 2144 1251 2202; x_wconf 86' lang='lat' dir='ltr'>quadripartito</span> <span class='ocrx_word' id='word_1_214' title='bbox 1266 2144 1282 2173; x_wconf 84' lang='lat'><strong>4</strong></span> <span class='ocrx_word' id='word_1_215' title='bbox 1305 2150 1503 2187; x_wconf 82' lang='lat' dir='ltr'>mentem</span> <span class='ocrx_word' id='word_1_216' title='bbox 1523 2144 1659 2187; x_wconf 92' lang='lat' dir='ltr'>modo</span> <span class='ocrx_word' id='word_1_217' title='bbox 1682 2145 1775 2187; x_wconf 89' lang='lat' dir='ltr'>dis-</span> 
     </span>
    </p>
   </div>
   <div class='ocr_carea' id='block_1_4' title="bbox 323 2254 581 2296">
    <p class='ocr_par' dir='ltr' id='par_1_5' title="bbox 323 2254 581 2296">
     <span class='ocr_line' id='line_1_30' title="bbox 323 2254 581 2296; baseline -0.004 -10"><span class='ocrx_word' id='word_1_218' title='bbox 323 2265 354 2287; x_wconf 78' lang='lat' dir='ltr'>a.</span> <span class='ocrx_word' id='word_1_219' title='bbox 376 2254 521 2296; x_wconf 79' lang='lat' dir='ltr'>rejectis</span> <span class='ocrx_word' id='word_1_220' title='bbox 539 2255 581 2286; x_wconf 87' lang='lat' dir='ltr'>D.</span> 
     </span>
    </p>
   </div>
   <div class='ocr_carea' id='block_1_5' title="bbox 280 2386 1775 2882">
    <p class='ocr_par' dir='ltr' id='par_1_6' title="bbox 282 2386 1774 2470">
     <span class='ocr_line' id='line_1_31' title="bbox 324 2386 1774 2429; baseline 0.002 -13"><span class='ocrx_word' id='word_1_221' title='bbox 324 2389 352 2417; x_wconf 83' lang='lat'>1.</span> <span class='ocrx_word' id='word_1_222' title='bbox 379 2386 425 2416; x_wconf 89' lang='lat' dir='ltr'>Le</span> <span class='ocrx_word' id='word_1_223' title='bbox 448 2395 574 2417; x_wconf 84' lang='lat' dir='ltr'>sensus</span> <span class='ocrx_word' id='word_1_224' title='bbox 597 2386 819 2429; x_wconf 69' lang='lat' dir='ltr'>anaqoyicus</span> <span class='ocrx_word' id='word_1_225' title='bbox 842 2389 897 2418; x_wconf 88' lang='lat' dir='ltr'>est</span> <span class='ocrx_word' id='word_1_226' title='bbox 919 2388 1151 2427; x_wconf 81' lang='lat' dir='ltr'>proprement</span> <span class='ocrx_word' id='word_1_227' title='bbox 1174 2386 1478 2427; x_wconf 74' lang='lat' dir='ltr'>l’interpretation</span> <span class='ocrx_word' id='word_1_228' title='bbox 1502 2388 1564 2428; x_wconf 89' lang='lat' dir='ltr'>qui</span> <span class='ocrx_word' id='word_1_229' title='bbox 1585 2386 1709 2419; x_wconf 66' lang='lat' dir='ltr'>s&#39;e&#39;ldve</span> <span class='ocrx_word' id='word_1_230' title='bbox 1726 2388 1774 2419; x_wconf 92' lang='lat' dir='ltr'>du</span> 
     </span>
     <span class='ocr_line' id='line_1_32' title="bbox 282 2427 1375 2470; baseline 0.003 -13"><span class='ocrx_word' id='word_1_231' title='bbox 282 2437 364 2458; x_wconf 84' lang='lat' dir='ltr'>sens</span> <span class='ocrx_word' id='word_1_232' title='bbox 382 2427 517 2458; x_wconf 73' lang='lat' dir='ltr'>litteral</span> <span class='ocrx_word' id='word_1_233' title='bbox 534 2437 577 2458; x_wconf 86' lang='lat' dir='ltr'>au</span> <span class='ocrx_word' id='word_1_234' title='bbox 595 2438 677 2459; x_wconf 86' lang='lat' dir='ltr'>sens</span> <span class='ocrx_word' id='word_1_235' title='bbox 692 2428 868 2468; x_wconf 85' lang='lat' dir='ltr'>spirituel,</span> <span class='ocrx_word' id='word_1_236' title='bbox 884 2427 1102 2459; x_wconf 70' lang='lat' dir='ltr'>c&#39;est-a-dire</span> <span class='ocrx_word' id='word_1_237' title='bbox 1126 2428 1159 2459; x_wconf 92' lang='lat' dir='ltr'>la</span> <span class='ocrx_word' id='word_1_238' title='bbox 1178 2428 1375 2470; x_wconf 79' lang='lat' dir='ltr'>mystique.</span> 
     </span>
    </p>

    <p class='ocr_par' dir='ltr' id='par_1_7' title="bbox 324 2468 906 2508">
     <span class='ocr_line' id='line_1_33' title="bbox 324 2468 906 2508; baseline 0.003 -10"><span class='ocrx_word' id='word_1_239' title='bbox 324 2472 353 2500; x_wconf 86' lang='lat'>2.</span> <span class='ocrx_word' id='word_1_240' title='bbox 382 2468 517 2508; x_wconf 66' lang='lat' dir='ltr'>Region</span> <span class='ocrx_word' id='word_1_241' title='bbox 538 2469 700 2505; x_wconf 66' lang='lat' dir='ltr'>ffAoste,</span> <span class='ocrx_word' id='word_1_242' title='bbox 728 2470 906 2501; x_wconf 73' lang='lat' dir='ltr'>Piemont.</span> 
     </span>
    </p>

    <p class='ocr_par' dir='ltr' id='par_1_8' title="bbox 280 2509 1775 2717">
     <span class='ocr_line' id='line_1_34' title="bbox 323 2509 1775 2549; baseline 0.002 -10"><span class='ocrx_word' id='word_1_243' title='bbox 323 2513 352 2541; x_wconf 87' lang='lat'>3.</span> <span class='ocrx_word' id='word_1_244' title='bbox 380 2509 480 2540; x_wconf 81' lang='lat' dir='ltr'>Saint</span> <span class='ocrx_word' id='word_1_245' title='bbox 498 2510 677 2549; x_wconf 79' lang='lat' dir='ltr'>Anselme,</span> <span class='ocrx_word' id='word_1_246' title='bbox 700 2511 743 2541; x_wconf 70' lang='lat' dir='ltr'>ne</span> <span class='ocrx_word' id='word_1_247' title='bbox 768 2510 787 2541; x_wconf 69' lang='lat' dir='ltr'>a</span> <span class='ocrx_word' id='word_1_248' title='bbox 806 2512 917 2543; x_wconf 87' lang='lat' dir='ltr'>Aoste</span> <span class='ocrx_word' id='word_1_249' title='bbox 935 2511 953 2541; x_wconf 68' lang='grc' dir='ltr'>εὶ</span> <span class='ocrx_word' id='word_1_250' title='bbox 978 2511 1010 2542; x_wconf 87' lang='lat' dir='ltr'>la</span> <span class='ocrx_word' id='word_1_251' title='bbox 1033 2510 1080 2541; x_wconf 86' lang='lat' dir='ltr'>fin</span> <span class='ocrx_word' id='word_1_252' title='bbox 1103 2511 1146 2541; x_wconf 87' lang='lat' dir='ltr'>de</span> <span class='ocrx_word' id='word_1_253' title='bbox 1174 2512 1266 2546; x_wconf 74' lang='lat'>1033,</span> <span class='ocrx_word' id='word_1_254' title='bbox 1290 2512 1386 2542; x_wconf 82' lang='lat' dir='ltr'>mort</span> <span class='ocrx_word' id='word_1_255' title='bbox 1404 2511 1437 2542; x_wconf 85' lang='lat' dir='ltr'>le</span> <span class='ocrx_word' id='word_1_256' title='bbox 1464 2512 1499 2542; x_wconf 85' lang='lat'>21</span> <span class='ocrx_word' id='word_1_257' title='bbox 1525 2511 1615 2543; x_wconf 87' lang='lat' dir='ltr'>avril</span> <span class='ocrx_word' id='word_1_258' title='bbox 1633 2514 1725 2543; x_wconf 88' lang='grc'><strong>1109.</strong></span> <span class='ocrx_word' id='word_1_259' title='bbox 1745 2511 1775 2542; x_wconf 94' lang='lat' dir='ltr'>Il</span> 
     </span>
     <span class='ocr_line' id='line_1_35' title="bbox 281 2551 1775 2594; baseline 0.002 -13"><span class='ocrx_word' id='word_1_260' title='bbox 281 2551 398 2582; x_wconf 83' lang='lat' dir='ltr'>arriva</span> <span class='ocrx_word' id='word_1_261' title='bbox 418 2552 436 2581; x_wconf 71' lang='grc' dir='ltr'>ἐι</span> <span class='ocrx_word' id='word_1_262' title='bbox 459 2551 623 2592; x_wconf 77' lang='lat' dir='ltr'>l&#39;abbaye</span> <span class='ocrx_word' id='word_1_263' title='bbox 648 2552 695 2582; x_wconf 90' lang='lat' dir='ltr'>du</span> <span class='ocrx_word' id='word_1_264' title='bbox 719 2553 789 2582; x_wconf 89' lang='lat' dir='ltr'>Bec</span> <span class='ocrx_word' id='word_1_265' title='bbox 812 2553 901 2584; x_wconf 86' lang='lat' dir='ltr'>dans</span> <span class='ocrx_word' id='word_1_266' title='bbox 925 2553 976 2583; x_wconf 84' lang='lat' dir='ltr'>les</span> <span class='ocrx_word' id='word_1_267' title='bbox 1006 2552 1179 2592; x_wconf 87' lang='lat' dir='ltr'>premiers</span> <span class='ocrx_word' id='word_1_268' title='bbox 1195 2552 1286 2583; x_wconf 85' lang='lat' dir='ltr'>mois</span> <span class='ocrx_word' id='word_1_269' title='bbox 1309 2554 1353 2584; x_wconf 86' lang='lat' dir='ltr'>de</span> <span class='ocrx_word' id='word_1_270' title='bbox 1377 2555 1468 2583; x_wconf 91' lang='grc'>1060.</span> <span class='ocrx_word' id='word_1_271' title='bbox 1489 2553 1517 2583; x_wconf 89' lang='lat' dir='ltr'>Il</span> <span class='ocrx_word' id='word_1_272' title='bbox 1539 2563 1564 2594; x_wconf 90' lang='lat' dir='ltr'>y</span> <span class='ocrx_word' id='word_1_273' title='bbox 1586 2552 1737 2584; x_wconf 69' lang='lat' dir='ltr'>succeda</span> <span class='ocrx_word' id='word_1_274' title='bbox 1754 2553 1775 2584; x_wconf 71' lang='lat' dir='ltr'>a</span> 
     </span>
     <span class='ocr_line' id='line_1_36' title="bbox 281 2592 1775 2635; baseline 0.001 -12"><span class='ocrx_word' id='word_1_275' title='bbox 281 2592 398 2623; x_wconf 66' lang='lat' dir='ltr'>l&#39;abbc</span> <span class='ocrx_word' id='word_1_276' title='bbox 422 2593 584 2631; x_wconf 88' lang='lat' dir='ltr'>Herluin‚</span> <span class='ocrx_word' id='word_1_277' title='bbox 609 2596 703 2624; x_wconf 83' lang='lat' dir='ltr'>mort</span> <span class='ocrx_word' id='word_1_278' title='bbox 727 2594 758 2624; x_wconf 82' lang='lat' dir='ltr'>le</span> <span class='ocrx_word' id='word_1_279' title='bbox 776 2596 814 2622; x_wconf 83' lang='lat'>26</span> <span class='ocrx_word' id='word_1_280' title='bbox 839 2595 924 2624; x_wconf 71' lang='lat' dir='ltr'>aout</span> <span class='ocrx_word' id='word_1_281' title='bbox 940 2597 1032 2633; x_wconf 82' lang='lat'>1078,</span> <span class='ocrx_word' id='word_1_282' title='bbox 1057 2596 1094 2625; x_wconf 88' lang='lat' dir='ltr'>et</span> <span class='ocrx_word' id='word_1_283' title='bbox 1111 2594 1166 2624; x_wconf 86' lang='lat' dir='ltr'>fut</span> <span class='ocrx_word' id='word_1_284' title='bbox 1184 2592 1240 2624; x_wconf 75' lang='lat' dir='ltr'>elu</span> <span class='ocrx_word' id='word_1_285' title='bbox 1255 2603 1299 2624; x_wconf 88' lang='lat' dir='ltr'>au</span> <span class='ocrx_word' id='word_1_286' title='bbox 1314 2594 1409 2634; x_wconf 74' lang='lat' dir='ltr'>siege</span> <span class='ocrx_word' id='word_1_287' title='bbox 1426 2594 1606 2635; x_wconf 84' lang='lat' dir='ltr'>primatial</span> <span class='ocrx_word' id='word_1_288' title='bbox 1622 2594 1667 2626; x_wconf 84' lang='lat' dir='ltr'>de</span> <span class='ocrx_word' id='word_1_289' title='bbox 1687 2593 1775 2625; x_wconf 90' lang='lat' dir='ltr'>Can-</span> 
     </span>
     <span class='ocr_line' id='line_1_37' title="bbox 281 2634 1772 2677; baseline 0.001 -13"><span class='ocrx_word' id='word_1_290' title='bbox 281 2634 430 2674; x_wconf 71' lang='lat' dir='ltr'>torbery</span> <span class='ocrx_word' id='word_1_291' title='bbox 453 2635 484 2664; x_wconf 83' lang='lat' dir='ltr'>le</span> <span class='ocrx_word' id='word_1_292' title='bbox 506 2638 523 2664; x_wconf 88' lang='lat'>6</span> <span class='ocrx_word' id='word_1_293' title='bbox 542 2644 635 2664; x_wconf 85' lang='lat' dir='ltr'>mars</span> <span class='ocrx_word' id='word_1_294' title='bbox 655 2637 744 2665; x_wconf 84' lang='lat'>1093.</span> <span class='ocrx_word' id='word_1_295' title='bbox 771 2634 838 2665; x_wconf 87' lang='lat' dir='ltr'>Sur</span> <span class='ocrx_word' id='word_1_296' title='bbox 854 2635 886 2665; x_wconf 85' lang='lat' dir='ltr'>le</span> <span class='ocrx_word' id='word_1_297' title='bbox 908 2635 1027 2675; x_wconf 69' lang='lat' dir='ltr'>sej0ur</span> <span class='ocrx_word' id='word_1_298' title='bbox 1051 2635 1094 2666; x_wconf 85' lang='lat' dir='ltr'>do</span> <span class='ocrx_word' id='word_1_299' title='bbox 1112 2634 1205 2665; x_wconf 84' lang='lat' dir='ltr'>saint</span> <span class='ocrx_word' id='word_1_300' title='bbox 1222 2635 1390 2666; x_wconf 88' lang='lat' dir='ltr'>Anselme</span> <span class='ocrx_word' id='word_1_301' title='bbox 1407 2635 1427 2666; x_wconf 72' lang='lat' dir='ltr'>a</span> <span class='ocrx_word' id='word_1_302' title='bbox 1444 2635 1608 2677; x_wconf 86' lang='lat' dir='ltr'>l&#39;abbaye</span> <span class='ocrx_word' id='word_1_303' title='bbox 1625 2636 1673 2666; x_wconf 92' lang='lat' dir='ltr'>du</span> <span class='ocrx_word' id='word_1_304' title='bbox 1689 2635 1772 2674; x_wconf 89' lang='lat' dir='ltr'>Bec,</span> 
     </span>
     <span class='ocr_line' id='line_1_38' title="bbox 280 2675 1775 2717; baseline 0.001 -12"><span class='ocrx_word' id='word_1_305' title='bbox 280 2676 325 2706; x_wconf 85' lang='lat' dir='ltr'>cf.</span> <span class='ocrx_word' id='word_1_306' title='bbox 345 2676 519 2706; x_wconf 85' lang='lat' dir='ltr'>chanoine</span> <span class='ocrx_word' id='word_1_307' title='bbox 536 2675 658 2715; x_wconf 72' lang='lat' dir='ltr'>Poree,</span> <span class='ocrx_word' id='word_1_308' title='bbox 675 2675 766 2707; x_wconf 73' lang='lat' dir='ltr'>Hist.</span> <span class='ocrx_word' id='word_1_309' title='bbox 785 2676 827 2706; x_wconf 83' lang='lat' dir='ltr'>de</span> <span class='ocrx_word' id='word_1_310' title='bbox 843 2676 1006 2717; x_wconf 79' lang='lat' dir='ltr'>l&#39;abbaye</span> <span class='ocrx_word' id='word_1_311' title='bbox 1021 2676 1068 2707; x_wconf 87' lang='lat' dir='ltr'>du</span> <span class='ocrx_word' id='word_1_312' title='bbox 1083 2677 1163 2715; x_wconf 89' lang='lat' dir='ltr'>Bec,</span> <span class='ocrx_word' id='word_1_313' title='bbox 1181 2676 1335 2716; x_wconf 88' lang='lat' dir='ltr'>Evreux,</span> <span class='ocrx_word' id='word_1_314' title='bbox 1351 2679 1443 2716; x_wconf 86' lang='lat'>1901,</span> <span class='ocrx_word' id='word_1_315' title='bbox 1456 2677 1553 2716; x_wconf 77' lang='lat' dir='ltr'>in-80,</span> <span class='ocrx_word' id='word_1_316' title='bbox 1573 2679 1599 2709; x_wconf 91' lang='lat' dir='ltr'>t.</span> <span class='ocrx_word' id='word_1_317' title='bbox 1619 2676 1646 2716; x_wconf 87' lang='lat'>1,</span> <span class='ocrx_word' id='word_1_318' title='bbox 1662 2679 1775 2717; x_wconf 84' lang='lat' dir='ltr'>p.106-</span> 
     </span>
    </p>

    <p class='ocr_par' dir='ltr' id='par_1_9' title="bbox 281 2757 1775 2882">
     <span class='ocr_line' id='line_1_39' title="bbox 323 2757 1775 2799; baseline 0.002 -11"><span class='ocrx_word' id='word_1_319' title='bbox 323 2760 351 2789; x_wconf 72' lang='lat'>4.</span> <span class='ocrx_word' id='word_1_320' title='bbox 379 2757 531 2789; x_wconf 87' lang='lat' dir='ltr'>Guibert</span> <span class='ocrx_word' id='word_1_321' title='bbox 554 2758 619 2789; x_wconf 82' lang='lat' dir='ltr'>fait</span> <span class='ocrx_word' id='word_1_322' title='bbox 641 2758 792 2789; x_wconf 87' lang='lat' dir='ltr'>allusion</span> <span class='ocrx_word' id='word_1_323' title='bbox 816 2769 885 2790; x_wconf 82' lang='lat' dir='ltr'>aux</span> <span class='ocrx_word' id='word_1_324' title='bbox 908 2758 1096 2790; x_wconf 70' lang='lat' dir='ltr'>methodes</span> <span class='ocrx_word' id='word_1_325' title='bbox 1120 2757 1383 2799; x_wconf 68' lang='lat' dir='ltr'>pedagogiques</span> <span class='ocrx_word' id='word_1_326' title='bbox 1399 2759 1446 2790; x_wconf 92' lang='lat' dir='ltr'>du</span> <span class='ocrx_word' id='word_1_327' title='bbox 1474 2758 1622 2791; x_wconf 79' lang='lat' dir='ltr'>trivium</span> <span class='ocrx_word' id='word_1_328' title='bbox 1644 2758 1775 2799; x_wconf 81' lang='lat' dir='ltr'>(gram-</span> 
     </span>
     <span class='ocr_line' id='line_1_40' title="bbox 281 2799 1774 2842; baseline 0.002 -13"><span class='ocrx_word' id='word_1_329' title='bbox 281 2799 402 2837; x_wconf 79' lang='lat' dir='ltr'>maire,</span> <span class='ocrx_word' id='word_1_330' title='bbox 419 2799 638 2839; x_wconf 79' lang='lat' dir='ltr'>rhetorique,</span> <span class='ocrx_word' id='word_1_331' title='bbox 657 2800 888 2841; x_wconf 87' lang='lat' dir='ltr'>dialectique)</span> <span class='ocrx_word' id='word_1_332' title='bbox 904 2803 941 2831; x_wconf 90' lang='lat' dir='ltr'>et</span> <span class='ocrx_word' id='word_1_333' title='bbox 954 2801 1002 2830; x_wconf 92' lang='lat' dir='ltr'>du</span> <span class='ocrx_word' id='word_1_334' title='bbox 1013 2799 1249 2842; x_wconf 78' lang='lat' dir='ltr'>quadrivium</span> <span class='ocrx_word' id='word_1_335' title='bbox 1267 2799 1546 2842; x_wconf 74' lang='lat' dir='ltr'>(arithmetique,</span> <span class='ocrx_word' id='word_1_336' title='bbox 1564 2800 1774 2842; x_wconf 66' lang='lat' dir='ltr'>geometrie,</span> 
     </span>
     <span class='ocr_line' id='line_1_41' title="bbox 281 2840 718 2882; baseline 0.002 -11"><span class='ocrx_word' id='word_1_337' title='bbox 281 2840 455 2880; x_wconf 88' lang='lat' dir='ltr'>musique,</span> <span class='ocrx_word' id='word_1_338' title='bbox 475 2841 718 2882; x_wconf 83' lang='lat' dir='ltr'>astronomie).</span> 
     </span>
    </p>
   </div>
  </div>
 </body>
</html>
