<?xml version="1.0" encoding="UTF-8"?>
<!DOCTYPE html PUBLIC "-//W3C//DTD XHTML 1.0 Transitional//EN"
    "http://www.w3.org/TR/xhtml1/DTD/xhtml1-transitional.dtd">
<html xmlns="http://www.w3.org/1999/xhtml" xml:lang="en" lang="en">
 <head>
  <title>
</title>
<meta http-equiv="Content-Type" content="text/html;charset=utf-8" />
  <meta name='ocr-system' content='tesseract 3.04.00' />
  <meta name='ocr-capabilities' content='ocr_page ocr_carea ocr_par ocr_line ocrx_word'/>
</head>
<body>
  <div class='ocr_page' id='page_1' title='image "./histoiredesavie100guibuoft_0222.png"; bbox 0 0 1930 3224; ppageno 0'>
   <div class='ocr_carea' id='block_1_1' title="bbox 1705 0 1930 105">
    <p class='ocr_par' dir='ltr' id='par_1_1' title="bbox 1705 0 1930 105">
     <span class='ocr_line' id='line_1_1' title="bbox 1705 0 1930 105; baseline 0 3119"><span class='ocrx_word' id='word_1_1' title='bbox 1705 0 1930 105; x_wconf 95' lang='lat' dir='ltr'> </span> 
     </span>
    </p>
   </div>
   <div class='ocr_carea' id='block_1_2' title="bbox 302 261 1383 307">
    <p class='ocr_par' dir='ltr' id='par_1_2' title="bbox 302 261 1383 307">
     <span class='ocr_line' id='line_1_2' title="bbox 302 261 1383 307; baseline 0.005 -5"><span class='ocrx_word' id='word_1_2' title='bbox 302 261 384 303; x_wconf 76' lang='lat'>148</span> <span class='ocrx_word' id='word_1_3' title='bbox 684 276 781 305; x_wconf 77' lang='lat' dir='ltr'>VEN.</span> <span class='ocrx_word' id='word_1_4' title='bbox 819 276 1013 305; x_wconf 59' lang='lat' dir='ltr'>Gummi]</span> <span class='ocrx_word' id='word_1_5' title='bbox 1050 278 1156 307; x_wconf 74' lang='lat' dir='ltr'>vrrAE</span> <span class='ocrx_word' id='word_1_6' title='bbox 1187 279 1307 307; x_wconf 67' lang='lat' dir='ltr'>Lmen</span> <span class='ocrx_word' id='word_1_7' title='bbox 1341 280 1383 307; x_wconf 86' lang='lat'>111</span> 
     </span>
    </p>
   </div>
   <div class='ocr_carea' id='block_1_3' title="bbox 268 378 1811 2263">
    <p class='ocr_par' dir='ltr' id='par_1_3' title="bbox 297 378 1811 1106">
     <span class='ocr_line' id='line_1_3' title="bbox 299 378 1783 438; baseline 0.005 -24"><span class='ocrx_word' id='word_1_8' title='bbox 299 389 458 415; x_wconf 86' lang='lat' dir='ltr'>manus</span> <span class='ocrx_word' id='word_1_9' title='bbox 482 389 660 415; x_wconf 88' lang='lat' dir='ltr'>movere</span> <span class='ocrx_word' id='word_1_10' title='bbox 678 389 766 416; x_wconf 91' lang='lat' dir='ltr'>non</span> <span class='ocrx_word' id='word_1_11' title='bbox 792 379 970 432; x_wconf 88' lang='lat' dir='ltr'>posset:</span> <span class='ocrx_word' id='word_1_12' title='bbox 1001 391 1134 432; x_wconf 90' lang='lat' dir='ltr'>quem</span> <span class='ocrx_word' id='word_1_13' title='bbox 1160 392 1262 419; x_wconf 91' lang='lat' dir='ltr'>cum</span> <span class='ocrx_word' id='word_1_14' title='bbox 1289 378 1351 420; x_wconf 89' lang='lat' dir='ltr'>sic</span> <span class='ocrx_word' id='word_1_15' title='bbox 1387 378 1536 421; x_wconf 91' lang='lat' dir='ltr'>subito</span> <span class='ocrx_word' id='word_1_16' title='bbox 1560 379 1636 422; x_wconf 87' lang='lat' dir='ltr'>ille</span> <span class='ocrx_word' id='word_1_17' title='bbox 1663 380 1783 438; x_wconf 81' lang='lat' dir='ltr'>epis-</span> 
     </span>
     <span class='ocr_line' id='line_1_4' title="bbox 299 441 1811 503; baseline 0.006 -21"><span class='ocrx_word' id='word_1_18' title='bbox 299 441 399 498; x_wconf 86' lang='lat' dir='ltr'>copi</span> <span class='ocrx_word' id='word_1_19' title='bbox 419 441 702 498; x_wconf 77' lang='lat' dir='ltr'>dispensator</span> <span class='ocrx_word' id='word_1_20' title='bbox 728 443 962 495; x_wconf 88' lang='lat' dir='ltr'>tenuisset,</span> <span class='ocrx_word' id='word_1_21' title='bbox 991 443 1105 485; x_wconf 83' lang='lat' dir='ltr'>dixit</span> <span class='ocrx_word' id='word_1_22' title='bbox 1133 444 1172 485; x_wconf 83' lang='lat' dir='ltr'>ei</span> <span class='ocrx_word' id='word_1_23' title='bbox 1199 458 1207 488; x_wconf 91' lang='lat'>:</span> <span class='ocrx_word' id='word_1_24' title='bbox 1241 462 1260 484; x_wconf 91' lang='lat'>«</span> <span class='ocrx_word' id='word_1_25' title='bbox 1296 445 1468 503; x_wconf 79' lang='lat' dir='ltr'><strong>Captus</strong></span> <span class='ocrx_word' id='word_1_26' title='bbox 1494 461 1557 489; x_wconf 89' lang='lat' dir='ltr'>es.</span> <span class='ocrx_word' id='word_1_27' title='bbox 1586 464 1607 486; x_wconf 91' lang='lat'>»</span> <span class='ocrx_word' id='word_1_28' title='bbox 1640 447 1784 500; x_wconf 84' lang='lat' dir='ltr'><strong>Quem</strong></span> <span class='ocrx_word' id='word_1_29' title='bbox 1807 494 1811 496; x_wconf 52' lang='grc'><strong>,</strong></span> 
     </span>
     <span class='ocr_line' id='line_1_5' title="bbox 301 508 1785 570; baseline 0.005 -19"><span class='ocrx_word' id='word_1_30' title='bbox 301 525 401 551; x_wconf 88' lang='lat' dir='ltr'>curn</span> <span class='ocrx_word' id='word_1_31' title='bbox 426 508 500 550; x_wconf 89' lang='lat' dir='ltr'>illa</span> <span class='ocrx_word' id='word_1_32' title='bbox 528 509 659 551; x_wconf 82' lang='lat' dir='ltr'>solita</span> <span class='ocrx_word' id='word_1_33' title='bbox 681 509 911 552; x_wconf 82' lang='lat' dir='ltr'>ferocitate</span> <span class='ocrx_word' id='word_1_34' title='bbox 932 515 1100 553; x_wconf 83' lang='lat' dir='ltr'>retorto</span> <span class='ocrx_word' id='word_1_35' title='bbox 1124 513 1252 554; x_wconf 90' lang='lat' dir='ltr'>oculo</span> <span class='ocrx_word' id='word_1_36' title='bbox 1281 512 1393 570; x_wconf 81' lang='lat' dir='ltr'>(erat</span> <span class='ocrx_word' id='word_1_37' title='bbox 1434 514 1555 556; x_wconf 90' lang='lat' dir='ltr'>enim</span> <span class='ocrx_word' id='word_1_38' title='bbox 1569 530 1785 558; x_wconf 90' lang='lat' dir='ltr'>monocu-</span> 
     </span>
     <span class='ocr_line' id='line_1_6' title="bbox 299 576 1785 635; baseline 0.005 -17"><span class='ocrx_word' id='word_1_39' title='bbox 299 576 389 634; x_wconf 89' lang='lat' dir='ltr'>lus)</span> <span class='ocrx_word' id='word_1_40' title='bbox 402 576 669 618; x_wconf 85' lang='lat' dir='ltr'>attendisset</span> <span class='ocrx_word' id='word_1_41' title='bbox 687 590 695 619; x_wconf 89' lang='lat'>:</span> <span class='ocrx_word' id='word_1_42' title='bbox 719 596 737 616; x_wconf 86' lang='lat'>«</span> <span class='ocrx_word' id='word_1_43' title='bbox 753 577 875 618; x_wconf 84' lang='lat' dir='ltr'>Vade</span> <span class='ocrx_word' id='word_1_44' title='bbox 892 578 1011 630; x_wconf 90' lang='lat' dir='ltr'>hinc,</span> <span class='ocrx_word' id='word_1_45' title='bbox 1030 579 1189 635; x_wconf 89' lang='lat' dir='ltr'>inquit,</span> <span class='ocrx_word' id='word_1_46' title='bbox 1210 580 1418 623; x_wconf 87' lang='lat' dir='ltr'>obscoene</span> <span class='ocrx_word' id='word_1_47' title='bbox 1436 582 1666 625; x_wconf 86' lang='lat' dir='ltr'>leccator¹.</span> <span class='ocrx_word' id='word_1_48' title='bbox 1687 600 1707 622; x_wconf 65' lang='grc' dir='ltr'>ι)</span> <span class='ocrx_word' id='word_1_49' title='bbox 1721 583 1785 626; x_wconf 82' lang='lat' dir='ltr'>At</span> 
     </span>
     <span class='ocr_line' id='line_1_7' title="bbox 297 644 1784 705; baseline 0.005 -20"><span class='ocrx_word' id='word_1_50' title='bbox 297 644 372 686; x_wconf 84' lang='lat' dir='ltr'>ille</span> <span class='ocrx_word' id='word_1_51' title='bbox 396 644 452 685; x_wconf 93' lang='lat' dir='ltr'>ad</span> <span class='ocrx_word' id='word_1_52' title='bbox 476 644 748 700; x_wconf 85' lang='lat' dir='ltr'>Rorigonem</span> <span class='ocrx_word' id='word_1_53' title='bbox 770 658 778 687; x_wconf 89' lang='lat'>:</span> <span class='ocrx_word' id='word_1_54' title='bbox 810 663 829 683; x_wconf 90' lang='lat'>«</span> <span class='ocrx_word' id='word_1_55' title='bbox 852 645 1038 688; x_wconf 88' lang='lat' dir='ltr'>Percute</span> <span class='ocrx_word' id='word_1_56' title='bbox 1057 664 1095 699; x_wconf 90' lang='lat'>»,</span> <span class='ocrx_word' id='word_1_57' title='bbox 1130 647 1290 705; x_wconf 88' lang='lat' dir='ltr'>inquit,</span> <span class='ocrx_word' id='word_1_58' title='bbox 1319 654 1363 691; x_wconf 88' lang='lat' dir='ltr'>et</span> <span class='ocrx_word' id='word_1_59' title='bbox 1391 650 1525 691; x_wconf 94' lang='lat' dir='ltr'>ducto</span> <span class='ocrx_word' id='word_1_60' title='bbox 1554 649 1630 692; x_wconf 89' lang='lat' dir='ltr'>ille</span> <span class='ocrx_word' id='word_1_61' title='bbox 1653 650 1784 693; x_wconf 87' lang='lat' dir='ltr'>sinis-</span> 
     </span>
     <span class='ocr_line' id='line_1_8' title="bbox 299 711 1784 773; baseline 0.005 -19"><span class='ocrx_word' id='word_1_62' title='bbox 299 717 494 754; x_wconf 90' lang='lat' dir='ltr'>trorsum</span> <span class='ocrx_word' id='word_1_63' title='bbox 511 711 677 767; x_wconf 79' lang='lat' dir='ltr'>gladio,</span> <span class='ocrx_word' id='word_1_64' title='bbox 703 712 820 753; x_wconf 86' lang='lat' dir='ltr'>inter</span> <span class='ocrx_word' id='word_1_65' title='bbox 834 712 927 769; x_wconf 85' lang='lat' dir='ltr'>ipsa</span> <span class='ocrx_word' id='word_1_66' title='bbox 945 729 1047 755; x_wconf 89' lang='lat' dir='ltr'>eum</span> <span class='ocrx_word' id='word_1_67' title='bbox 1064 714 1159 756; x_wconf 87' lang='lat' dir='ltr'>nasi</span> <span class='ocrx_word' id='word_1_68' title='bbox 1184 715 1455 773; x_wconf 86' lang='lat' dir='ltr'>fronstisque</span> <span class='ocrx_word' id='word_1_69' title='bbox 1471 715 1663 760; x_wconf 86' lang='lat' dir='ltr'>confinia</span> <span class='ocrx_word' id='word_1_70' title='bbox 1683 718 1784 760; x_wconf 90' lang='lat' dir='ltr'>vul-</span> 
     </span>
     <span class='ocr_line' id='line_1_9' title="bbox 300 774 1783 843; baseline 0.005 -22"><span class='ocrx_word' id='word_1_71' title='bbox 300 779 486 821; x_wconf 90' lang='lat' dir='ltr'>neravit.</span> <span class='ocrx_word' id='word_1_72' title='bbox 520 778 605 830; x_wconf 91' lang='lat' dir='ltr'>Qui</span> <span class='ocrx_word' id='word_1_73' title='bbox 632 780 830 821; x_wconf 87' lang='lat' dir='ltr'>sentiens</span> <span class='ocrx_word' id='word_1_74' title='bbox 849 796 895 822; x_wconf 88' lang='lat' dir='ltr'>se</span> <span class='ocrx_word' id='word_1_75' title='bbox 918 795 1208 837; x_wconf 87' lang='lat' dir='ltr'>percussum:</span> <span class='ocrx_word' id='word_1_76' title='bbox 1234 801 1254 822; x_wconf 91' lang='lat'>«</span> <span class='ocrx_word' id='word_1_77' title='bbox 1288 784 1464 838; x_wconf 85' lang='lat' dir='ltr'>Ducite,</span> <span class='ocrx_word' id='word_1_78' title='bbox 1491 784 1568 837; x_wconf 84' lang='lat' dir='ltr'>ait,</span> <span class='ocrx_word' id='word_1_79' title='bbox 1598 801 1668 828; x_wconf 87' lang='lat' dir='ltr'>me</span> <span class='ocrx_word' id='word_1_80' title='bbox 1695 774 1783 843; x_wconf 73' lang='lat' dir='ltr'>quo</span> 
     </span>
     <span class='ocr_line' id='line_1_10' title="bbox 300 846 1780 907; baseline 0.005 -19"><span class='ocrx_word' id='word_1_81' title='bbox 300 846 452 888; x_wconf 91' lang='lat' dir='ltr'>vultis.</span> <span class='ocrx_word' id='word_1_82' title='bbox 484 863 504 884; x_wconf 93' lang='lat'>»</span> <span class='ocrx_word' id='word_1_83' title='bbox 535 846 640 888; x_wconf 92' lang='lat' dir='ltr'>Mox</span> <span class='ocrx_word' id='word_1_84' title='bbox 668 847 733 889; x_wconf 90' lang='lat' dir='ltr'>illi</span> <span class='ocrx_word' id='word_1_85' title='bbox 758 848 959 904; x_wconf 87' lang='lat' dir='ltr'>repetitis</span> <span class='ocrx_word' id='word_1_86' title='bbox 995 849 1158 891; x_wconf 90' lang='lat' dir='ltr'>ictibus</span> <span class='ocrx_word' id='word_1_87' title='bbox 1194 850 1500 894; x_wconf 82' lang='lat' dir='ltr'>confodientes</span> <span class='ocrx_word' id='word_1_88' title='bbox 1537 853 1780 907; x_wconf 88' lang='lat' dir='ltr'>hominem,</span> 
     </span>
     <span class='ocr_line' id='line_1_11' title="bbox 299 916 1785 975; baseline 0.005 -19"><span class='ocrx_word' id='word_1_89' title='bbox 299 930 402 956; x_wconf 89' lang='lat' dir='ltr'>cum</span> <span class='ocrx_word' id='word_1_90' title='bbox 428 930 585 970; x_wconf 87' lang='lat' dir='ltr'>urgere</span> <span class='ocrx_word' id='word_1_91' title='bbox 612 916 869 971; x_wconf 84' lang='lat' dir='ltr'>coepissent,</span> <span class='ocrx_word' id='word_1_92' title='bbox 901 916 994 973; x_wconf 89' lang='lat' dir='ltr'>ipse</span> <span class='ocrx_word' id='word_1_93' title='bbox 1009 917 1062 958; x_wconf 93' lang='lat' dir='ltr'>de</span> <span class='ocrx_word' id='word_1_94' title='bbox 1079 917 1172 959; x_wconf 91' lang='lat' dir='ltr'>suis</span> <span class='ocrx_word' id='word_1_95' title='bbox 1192 918 1435 975; x_wconf 87' lang='lat' dir='ltr'>desperans</span> <span class='ocrx_word' id='word_1_96' title='bbox 1458 919 1629 962; x_wconf 89' lang='lat' dir='ltr'>viribus</span> <span class='ocrx_word' id='word_1_97' title='bbox 1647 920 1785 963; x_wconf 86' lang='lat' dir='ltr'>incla-</span> 
     </span>
     <span class='ocr_line' id='line_1_12' title="bbox 299 981 1784 1040; baseline 0.005 -18"><span class='ocrx_word' id='word_1_98' title='bbox 299 982 455 1024; x_wconf 89' lang='lat' dir='ltr'>mitat:</span> <span class='ocrx_word' id='word_1_99' title='bbox 484 999 504 1020; x_wconf 92' lang='lat'>«</span> <span class='ocrx_word' id='word_1_100' title='bbox 529 981 692 1025; x_wconf 82' lang='lat' dir='ltr'>Sancta</span> <span class='ocrx_word' id='word_1_101' title='bbox 719 983 876 1035; x_wconf 89' lang='lat' dir='ltr'>Maria,</span> <span class='ocrx_word' id='word_1_102' title='bbox 909 983 1101 1040; x_wconf 80' lang='lat' dir='ltr'>adjuva!</span> <span class='ocrx_word' id='word_1_103' title='bbox 1135 1003 1155 1024; x_wconf 88' lang='lat'>»</span> <span class='ocrx_word' id='word_1_104' title='bbox 1186 986 1268 1027; x_wconf 92' lang='lat' dir='ltr'>His</span> <span class='ocrx_word' id='word_1_105' title='bbox 1306 987 1438 1028; x_wconf 81' lang='lat' dir='ltr'>dictis</span> <span class='ocrx_word' id='word_1_106' title='bbox 1467 987 1550 1029; x_wconf 92' lang='lat' dir='ltr'>sub</span> <span class='ocrx_word' id='word_1_107' title='bbox 1585 992 1784 1031; x_wconf 85' lang='lat' dir='ltr'>extrema</span> 
     </span>
     <span class='ocr_line' id='line_1_13' title="bbox 299 1049 652 1106; baseline 0.006 -15"><span class='ocrx_word' id='word_1_108' title='bbox 299 1049 515 1106; x_wconf 88' lang='lat' dir='ltr'>patientia</span> <span class='ocrx_word' id='word_1_109' title='bbox 550 1050 652 1093; x_wconf 88' lang='lat' dir='ltr'>ruit.</span> 
     </span>
    </p>

    <p class='ocr_par' dir='ltr' id='par_1_4' title="bbox 268 1117 1798 2263">
     <span class='ocr_line' id='line_1_14' title="bbox 359 1117 1782 1181; baseline 0.006 -23"><span class='ocrx_word' id='word_1_110' title='bbox 359 1117 500 1159; x_wconf 84' lang='lat' dir='ltr'>Erant</span> <span class='ocrx_word' id='word_1_111' title='bbox 520 1123 667 1159; x_wconf 90' lang='lat' dir='ltr'>autem</span> <span class='ocrx_word' id='word_1_112' title='bbox 698 1118 743 1159; x_wconf 90' lang='lat' dir='ltr'>in</span> <span class='ocrx_word' id='word_1_113' title='bbox 777 1134 827 1160; x_wconf 84' lang='lat' dir='ltr'>ea</span> <span class='ocrx_word' id='word_1_114' title='bbox 865 1118 1173 1176; x_wconf 86' lang='lat' dir='ltr'>conjuratione</span> <span class='ocrx_word' id='word_1_115' title='bbox 1213 1121 1300 1162; x_wconf 91' lang='lat' dir='ltr'>duo</span> <span class='ocrx_word' id='word_1_116' title='bbox 1337 1122 1536 1164; x_wconf 68' lang='lat' dir='ltr'>ecclesiae</span> <span class='ocrx_word' id='word_1_117' title='bbox 1561 1138 1665 1165; x_wconf 92' lang='lat' dir='ltr'>cum</span> <span class='ocrx_word' id='word_1_118' title='bbox 1684 1123 1782 1181; x_wconf 90' lang='lat' dir='ltr'>ipso</span> 
     </span>
     <span class='ocr_line' id='line_1_15' title="bbox 299 1185 1783 1249; baseline 0.005 -23"><span class='ocrx_word' id='word_1_119' title='bbox 299 1185 507 1242; x_wconf 91' lang='lat' dir='ltr'>episcopo</span> <span class='ocrx_word' id='word_1_120' title='bbox 528 1186 844 1238; x_wconf 76' lang='lat' dir='ltr'>archidiaconi,</span> <span class='ocrx_word' id='word_1_121' title='bbox 863 1187 1073 1229; x_wconf 88' lang='lat' dir='ltr'>Galterus</span> <span class='ocrx_word' id='word_1_122' title='bbox 1096 1192 1140 1230; x_wconf 89' lang='lat' dir='ltr'>et</span> <span class='ocrx_word' id='word_1_123' title='bbox 1158 1188 1304 1230; x_wconf 89' lang='lat' dir='ltr'>Guido</span> <span class='ocrx_word' id='word_1_124' title='bbox 1322 1189 1352 1232; x_wconf 70' lang='lat'>⁶².</span> <span class='ocrx_word' id='word_1_125' title='bbox 1371 1190 1477 1232; x_wconf 88' lang='lat' dir='ltr'>Erat</span> <span class='ocrx_word' id='word_1_126' title='bbox 1496 1190 1592 1248; x_wconf 92' lang='lat' dir='ltr'>ipse</span> <span class='ocrx_word' id='word_1_127' title='bbox 1607 1207 1783 1249; x_wconf 88' lang='lat' dir='ltr'>quoque</span> 
     </span>
     <span class='ocr_line' id='line_1_16' title="bbox 299 1252 1784 1306; baseline 0.005 -12"><span class='ocrx_word' id='word_1_128' title='bbox 299 1252 444 1294; x_wconf 88' lang='lat' dir='ltr'>Guido</span> <span class='ocrx_word' id='word_1_129' title='bbox 486 1257 530 1295; x_wconf 88' lang='lat' dir='ltr'>et</span> <span class='ocrx_word' id='word_1_130' title='bbox 562 1253 882 1306; x_wconf 76' lang='lat' dir='ltr'>thesaurarius,</span> <span class='ocrx_word' id='word_1_131' title='bbox 922 1255 1106 1297; x_wconf 87' lang='lat' dir='ltr'>domum</span> <span class='ocrx_word' id='word_1_132' title='bbox 1145 1272 1273 1298; x_wconf 88' lang='lat' dir='ltr'>secus</span> <span class='ocrx_word' id='word_1_133' title='bbox 1316 1257 1504 1299; x_wconf 85' lang='lat' dir='ltr'>eandem</span> <span class='ocrx_word' id='word_1_134' title='bbox 1549 1259 1784 1301; x_wconf 87' lang='lat' dir='ltr'>ecclesiam</span> 
     </span>
     <span class='ocr_line' id='line_1_17' title="bbox 299 1320 1782 1382; baseline 0.005 -21"><span class='ocrx_word' id='word_1_135' title='bbox 299 1320 469 1362; x_wconf 89' lang='lat' dir='ltr'>habens</span> <span class='ocrx_word' id='word_1_136' title='bbox 492 1321 687 1377; x_wconf 87' lang='lat' dir='ltr'>positam</span> <span class='ocrx_word' id='word_1_137' title='bbox 711 1335 719 1365; x_wconf 88' lang='grc'>;</span> <span class='ocrx_word' id='word_1_138' title='bbox 744 1322 799 1364; x_wconf 90' lang='lat' dir='ltr'>de</span> <span class='ocrx_word' id='word_1_139' title='bbox 823 1338 907 1379; x_wconf 85' lang='lat' dir='ltr'>qua</span> <span class='ocrx_word' id='word_1_140' title='bbox 932 1323 1064 1364; x_wconf 90' lang='lat' dir='ltr'>domo</span> <span class='ocrx_word' id='word_1_141' title='bbox 1086 1324 1173 1365; x_wconf 94' lang='lat' dir='ltr'>duo</span> <span class='ocrx_word' id='word_1_142' title='bbox 1204 1325 1435 1382; x_wconf 88' lang='lat' dir='ltr'>prosiliere</span> <span class='ocrx_word' id='word_1_143' title='bbox 1478 1341 1583 1367; x_wconf 87' lang='lat' dir='ltr'>mox</span> <span class='ocrx_word' id='word_1_144' title='bbox 1610 1326 1782 1378; x_wconf 84' lang='lat' dir='ltr'>famuli,</span> 
     </span>
     <span class='ocr_line' id='line_1_18' title="bbox 298 1388 1780 1450; baseline 0.005 -21"><span class='ocrx_word' id='word_1_145' title='bbox 298 1388 375 1445; x_wconf 87' lang='lat' dir='ltr'>qui</span> <span class='ocrx_word' id='word_1_146' title='bbox 405 1403 456 1430; x_wconf 90' lang='lat' dir='ltr'>eo</span> <span class='ocrx_word' id='word_1_147' title='bbox 496 1389 697 1431; x_wconf 88' lang='lat' dir='ltr'>concitus</span> <span class='ocrx_word' id='word_1_148' title='bbox 723 1390 955 1432; x_wconf 85' lang='lat' dir='ltr'>venientes</span> <span class='ocrx_word' id='word_1_149' title='bbox 986 1391 1131 1432; x_wconf 89' lang='lat' dir='ltr'>eidem</span> <span class='ocrx_word' id='word_1_150' title='bbox 1166 1392 1390 1434; x_wconf 87' lang='lat' dir='ltr'>carnificio</span> <span class='ocrx_word' id='word_1_151' title='bbox 1424 1408 1470 1435; x_wconf 91' lang='lat' dir='ltr'>se</span> <span class='ocrx_word' id='word_1_152' title='bbox 1499 1393 1780 1450; x_wconf 81' lang='lat' dir='ltr'>junxerunt3</span> 
     </span>
     <span class='ocr_line' id='line_1_19' title="bbox 299 1456 1798 1519; baseline 0.005 -23"><span class='ocrx_word' id='word_1_153' title='bbox 299 1456 362 1498; x_wconf 87' lang='lat' dir='ltr'>sic</span> <span class='ocrx_word' id='word_1_154' title='bbox 380 1456 500 1498; x_wconf 87' lang='lat' dir='ltr'>enim</span> <span class='ocrx_word' id='word_1_155' title='bbox 527 1457 744 1514; x_wconf 88' lang='lat' dir='ltr'>sacrilego</span> <span class='ocrx_word' id='word_1_156' title='bbox 765 1457 909 1500; x_wconf 89' lang='lat' dir='ltr'>fuerat</span> <span class='ocrx_word' id='word_1_157' title='bbox 937 1464 1215 1501; x_wconf 86' lang='lat' dir='ltr'>sacramento</span> <span class='ocrx_word' id='word_1_158' title='bbox 1236 1460 1478 1513; x_wconf 83' lang='lat' dir='ltr'>firmatum,</span> <span class='ocrx_word' id='word_1_159' title='bbox 1502 1465 1568 1515; x_wconf 88' lang='lat' dir='ltr'>ut,</span> <span class='ocrx_word' id='word_1_160' title='bbox 1605 1461 1643 1503; x_wconf 88' lang='lat' dir='ltr'>si</span> <span class='ocrx_word' id='word_1_161' title='bbox 1662 1462 1798 1519; x_wconf 88' lang='lat' dir='ltr'>epis--</span> 
     </span>
     <span class='ocr_line' id='line_1_20' title="bbox 299 1524 1783 1582; baseline 0.003 -16"><span class='ocrx_word' id='word_1_162' title='bbox 299 1524 399 1581; x_wconf 91' lang='lat' dir='ltr'>copi</span> <span class='ocrx_word' id='word_1_163' title='bbox 419 1524 463 1565; x_wconf 92' lang='lat' dir='ltr'>id</span> <span class='ocrx_word' id='word_1_164' title='bbox 484 1524 672 1566; x_wconf 87' lang='lat' dir='ltr'>curiales</span> <span class='ocrx_word' id='word_1_165' title='bbox 684 1531 1023 1582; x_wconf 80' lang='lat' dir='ltr'>praesumerent,</span> <span class='ocrx_word' id='word_1_166' title='bbox 1043 1527 1266 1569; x_wconf 86' lang='lat' dir='ltr'>auxiliarii</span> <span class='ocrx_word' id='word_1_167' title='bbox 1286 1528 1340 1569; x_wconf 90' lang='lat' dir='ltr'>de</span> <span class='ocrx_word' id='word_1_168' title='bbox 1357 1528 1512 1570; x_wconf 88' lang='lat' dir='ltr'>eadem</span> <span class='ocrx_word' id='word_1_169' title='bbox 1528 1544 1631 1570; x_wconf 85' lang='lat' dir='ltr'>mox</span> <span class='ocrx_word' id='word_1_170' title='bbox 1649 1529 1783 1571; x_wconf 92' lang='lat' dir='ltr'>domo</span> 
     </span>
     <span class='ocr_line' id='line_1_21' title="bbox 298 1591 1784 1652; baseline 0.004 -19"><span class='ocrx_word' id='word_1_171' title='bbox 298 1591 542 1649; x_wconf 81' lang='lat' dir='ltr'>prodirent.</span> <span class='ocrx_word' id='word_1_172' title='bbox 573 1592 688 1634; x_wconf 90' lang='lat' dir='ltr'>Cum</span> <span class='ocrx_word' id='word_1_173' title='bbox 720 1608 825 1650; x_wconf 86' lang='lat' dir='ltr'>ergo</span> <span class='ocrx_word' id='word_1_174' title='bbox 853 1594 892 1635; x_wconf 91' lang='lat' dir='ltr'>ei</span> <span class='ocrx_word' id='word_1_175' title='bbox 928 1594 1093 1635; x_wconf 89' lang='lat' dir='ltr'>collum</span> <span class='ocrx_word' id='word_1_176' title='bbox 1125 1601 1169 1637; x_wconf 90' lang='lat' dir='ltr'>et</span> <span class='ocrx_word' id='word_1_177' title='bbox 1198 1595 1331 1637; x_wconf 83' lang='lat' dir='ltr'>tibias</span> <span class='ocrx_word' id='word_1_178' title='bbox 1370 1601 1528 1652; x_wconf 79' lang='lat' dir='ltr'>praeter</span> <span class='ocrx_word' id='word_1_179' title='bbox 1565 1596 1651 1638; x_wconf 88' lang='lat' dir='ltr'>alia</span> <span class='ocrx_word' id='word_1_180' title='bbox 1686 1596 1784 1639; x_wconf 89' lang='lat' dir='ltr'>vul-</span> 
     </span>
     <span class='ocr_line' id='line_1_22' title="bbox 298 1659 1785 1713; baseline 0.005 -13"><span class='ocrx_word' id='word_1_181' title='bbox 298 1675 404 1701; x_wconf 89' lang='lat' dir='ltr'>nera</span> <span class='ocrx_word' id='word_1_182' title='bbox 433 1659 748 1713; x_wconf 77' lang='lat' dir='ltr'>concidissent,</span> <span class='ocrx_word' id='word_1_183' title='bbox 789 1666 832 1703; x_wconf 91' lang='lat' dir='ltr'>et</span> <span class='ocrx_word' id='word_1_184' title='bbox 867 1661 943 1703; x_wconf 91' lang='lat' dir='ltr'>ille</span> <span class='ocrx_word' id='word_1_185' title='bbox 976 1661 1022 1703; x_wconf 93' lang='lat' dir='ltr'>in</span> <span class='ocrx_word' id='word_1_186' title='bbox 1061 1662 1205 1704; x_wconf 86' lang='lat' dir='ltr'>media</span> <span class='ocrx_word' id='word_1_187' title='bbox 1242 1663 1424 1705; x_wconf 86' lang='lat' dir='ltr'>basilica</span> <span class='ocrx_word' id='word_1_188' title='bbox 1460 1663 1544 1706; x_wconf 90' lang='lat' dir='ltr'>sub</span> <span class='ocrx_word' id='word_1_189' title='bbox 1574 1664 1785 1707; x_wconf 86' lang='lat' dir='ltr'>extremis</span> 
     </span>
     <span class='ocr_line' id='line_1_23' title="bbox 297 1727 1781 1787; baseline 0.004 -19"><span class='ocrx_word' id='word_1_190' title='bbox 297 1727 518 1784; x_wconf 85' lang='lat' dir='ltr'>angustiis</span> <span class='ocrx_word' id='word_1_191' title='bbox 541 1727 813 1785; x_wconf 82' lang='lat' dir='ltr'>immugiret,</span> <span class='ocrx_word' id='word_1_192' title='bbox 836 1729 965 1785; x_wconf 90' lang='lat' dir='ltr'>pauci</span> <span class='ocrx_word' id='word_1_193' title='bbox 991 1730 1067 1786; x_wconf 92' lang='lat' dir='ltr'>qui</span> <span class='ocrx_word' id='word_1_194' title='bbox 1091 1730 1135 1771; x_wconf 94' lang='lat' dir='ltr'>in</span> <span class='ocrx_word' id='word_1_195' title='bbox 1163 1730 1296 1772; x_wconf 88' lang='lat' dir='ltr'>choro</span> <span class='ocrx_word' id='word_1_196' title='bbox 1328 1736 1437 1773; x_wconf 91' lang='lat' dir='ltr'>tunc</span> <span class='ocrx_word' id='word_1_197' title='bbox 1458 1737 1585 1774; x_wconf 86' lang='lat' dir='ltr'>erant</span> <span class='ocrx_word' id='word_1_198' title='bbox 1616 1731 1781 1787; x_wconf 89' lang='lat' dir='ltr'>clerici,</span> 
     </span>
     <span class='ocr_line' id='line_1_24' title="bbox 297 1795 1784 1857; baseline 0.004 -21"><span class='ocrx_word' id='word_1_199' title='bbox 297 1801 341 1837; x_wconf 89' lang='lat' dir='ltr'>et</span> <span class='ocrx_word' id='word_1_200' title='bbox 373 1795 646 1837; x_wconf 57' lang='lat' dir='ltr'>mulierculae</span> <span class='ocrx_word' id='word_1_201' title='bbox 685 1797 903 1853; x_wconf 69' lang='lat' dir='ltr'>quaedam,</span> <span class='ocrx_word' id='word_1_202' title='bbox 947 1813 1045 1854; x_wconf 85' lang='lat' dir='ltr'>quae</span> <span class='ocrx_word' id='word_1_203' title='bbox 1073 1798 1288 1840; x_wconf 87' lang='lat' dir='ltr'>orationis</span> <span class='ocrx_word' id='word_1_204' title='bbox 1311 1799 1454 1855; x_wconf 86' lang='lat' dir='ltr'>gratia</span> <span class='ocrx_word' id='word_1_205' title='bbox 1483 1799 1564 1841; x_wconf 91' lang='lat' dir='ltr'>hac</span> <span class='ocrx_word' id='word_1_206' title='bbox 1591 1799 1784 1857; x_wconf 86' lang='lat' dir='ltr'>illacque</span> 
     </span>
     <span class='ocr_line' id='line_1_25' title="bbox 296 1863 1785 1919; baseline 0.004 -16"><span class='ocrx_word' id='word_1_207' title='bbox 296 1863 591 1919; x_wconf 81' lang='lat' dir='ltr'>vagabantur,</span> <span class='ocrx_word' id='word_1_208' title='bbox 646 1863 1044 1907; x_wconf 84' lang='lat' dir='ltr'>immurmurantes</span> <span class='ocrx_word' id='word_1_209' title='bbox 1101 1870 1145 1907; x_wconf 90' lang='lat' dir='ltr'>et</span> <span class='ocrx_word' id='word_1_210' title='bbox 1198 1866 1418 1908; x_wconf 90' lang='lat' dir='ltr'>horrendo</span> <span class='ocrx_word' id='word_1_211' title='bbox 1468 1867 1629 1909; x_wconf 85' lang='lat' dir='ltr'>timore</span> <span class='ocrx_word' id='word_1_212' title='bbox 1691 1873 1785 1910; x_wconf 87' lang='lat' dir='ltr'>tor-</span> 
     </span>
     <span class='ocr_line' id='line_1_26' title="bbox 295 1931 1780 1992; baseline 0.005 -21"><span class='ocrx_word' id='word_1_213' title='bbox 295 1935 469 1986; x_wconf 88' lang='lat' dir='ltr'>pentes,</span> <span class='ocrx_word' id='word_1_214' title='bbox 510 1946 588 1972; x_wconf 92' lang='lat' dir='ltr'>nec</span> <span class='ocrx_word' id='word_1_215' title='bbox 625 1931 852 1973; x_wconf 89' lang='lat' dir='ltr'>modicum</span> <span class='ocrx_word' id='word_1_216' title='bbox 879 1933 1059 1989; x_wconf 91' lang='lat' dir='ltr'>quidem</span> <span class='ocrx_word' id='word_1_217' title='bbox 1086 1934 1352 1991; x_wconf 82' lang='lat' dir='ltr'>suggrunire</span> <span class='ocrx_word' id='word_1_218' title='bbox 1386 1939 1780 1992; x_wconf 82' lang='lat' dir='ltr'>praesumpserant.</span> 
     </span>
     <span class='ocr_line' id='line_1_27' title="bbox 296 1998 1782 2060; baseline 0.004 -21"><span class='ocrx_word' id='word_1_219' title='bbox 296 1998 379 2040; x_wconf 91' lang='lat' dir='ltr'>His</span> <span class='ocrx_word' id='word_1_220' title='bbox 405 1999 608 2055; x_wconf 88' lang='lat' dir='ltr'>patratis,</span> <span class='ocrx_word' id='word_1_221' title='bbox 634 1999 721 2040; x_wconf 92' lang='lat' dir='ltr'>duo</span> <span class='ocrx_word' id='word_1_222' title='bbox 744 1999 810 2041; x_wconf 90' lang='lat' dir='ltr'>illi</span> <span class='ocrx_word' id='word_1_223' title='bbox 829 2000 997 2042; x_wconf 89' lang='lat' dir='ltr'>milites</span> <span class='ocrx_word' id='word_1_224' title='bbox 1020 2001 1253 2043; x_wconf 87' lang='lat' dir='ltr'>lectissimi</span> <span class='ocrx_word' id='word_1_225' title='bbox 1286 2002 1342 2043; x_wconf 87' lang='lat' dir='ltr'>ad</span> <span class='ocrx_word' id='word_1_226' title='bbox 1380 2002 1632 2060; x_wconf 84' lang='lat' dir='ltr'>episcopale</span> <span class='ocrx_word' id='word_1_227' title='bbox 1657 2003 1782 2059; x_wconf 84' lang='lat' dir='ltr'>pala-</span> 
     </span>
     <span class='ocr_line' id='line_1_28' title="bbox 294 2066 1785 2128; baseline 0.003 -20"><span class='ocrx_word' id='word_1_228' title='bbox 294 2066 410 2108; x_wconf 92' lang='lat' dir='ltr'>tium</span> <span class='ocrx_word' id='word_1_229' title='bbox 431 2072 731 2119; x_wconf 85' lang='lat' dir='ltr'>revertuntur,</span> <span class='ocrx_word' id='word_1_230' title='bbox 759 2083 863 2109; x_wconf 91' lang='lat' dir='ltr'>cum</span> <span class='ocrx_word' id='word_1_231' title='bbox 901 2068 1066 2125; x_wconf 88' lang='lat' dir='ltr'>quibus</span> <span class='ocrx_word' id='word_1_232' title='bbox 1102 2069 1226 2110; x_wconf 90' lang='lat' dir='ltr'>urbis</span> <span class='ocrx_word' id='word_1_233' title='bbox 1271 2085 1492 2127; x_wconf 77' lang='lat' dir='ltr'>proceres,</span> <span class='ocrx_word' id='word_1_234' title='bbox 1538 2086 1630 2112; x_wconf 81' lang='lat' dir='ltr'>suae</span> <span class='ocrx_word' id='word_1_235' title='bbox 1663 2071 1785 2128; x_wconf 90' lang='lat' dir='ltr'>ipso-</span> 
     </span>
     <span class='ocr_line' id='line_1_29' title="bbox 296 2134 1786 2195; baseline 0.005 -21"><span class='ocrx_word' id='word_1_236' title='bbox 296 2149 397 2176; x_wconf 92' lang='lat' dir='ltr'>rum</span> <span class='ocrx_word' id='word_1_237' title='bbox 433 2134 700 2191; x_wconf 83' lang='lat' dir='ltr'>proditionis</span> <span class='ocrx_word' id='word_1_238' title='bbox 760 2135 1027 2192; x_wconf 86' lang='lat' dir='ltr'>proditores,</span> <span class='ocrx_word' id='word_1_239' title='bbox 1082 2136 1202 2178; x_wconf 90' lang='lat' dir='ltr'>illico</span> <span class='ocrx_word' id='word_1_240' title='bbox 1250 2137 1574 2193; x_wconf 84' lang='lat' dir='ltr'>glomerantur,</span> <span class='ocrx_word' id='word_1_241' title='bbox 1617 2138 1786 2195; x_wconf 86' lang='lat' dir='ltr'>pariter</span> 
     </span>
     <span class='ocr_line' id='line_1_30' title="bbox 268 2196 1780 2263; baseline 0.003 -20"><span class='ocrx_word' id='word_1_242' title='bbox 268 2196 272 2200; x_wconf 41' lang='lat'>.</span> <span class='ocrx_word' id='word_1_243' title='bbox 297 2217 475 2259; x_wconf 91' lang='lat' dir='ltr'>quoque</span> <span class='ocrx_word' id='word_1_244' title='bbox 500 2202 800 2244; x_wconf 86' lang='lat' dir='ltr'>archidiaconi</span> <span class='ocrx_word' id='word_1_245' title='bbox 824 2208 1140 2260; x_wconf 83' lang='lat' dir='ltr'>aggregantur.</span> <span class='ocrx_word' id='word_1_246' title='bbox 1159 2205 1435 2262; x_wconf 86' lang='lat' dir='ltr'>Praepositus</span> <span class='ocrx_word' id='word_1_247' title='bbox 1456 2221 1562 2263; x_wconf 86' lang='lat' dir='ltr'>ergo</span> <span class='ocrx_word' id='word_1_248' title='bbox 1582 2206 1734 2263; x_wconf 82' lang='lat' dir='ltr'>regius</span> <span class='ocrx_word' id='word_1_249' title='bbox 1747 2207 1780 2260; x_wconf 86' lang='lat'>3,</span> 
     </span>
    </p>
   </div>
   <div class='ocr_carea' id='block_1_4' title="bbox 292 2381 1784 2837">
    <p class='ocr_par' dir='ltr' id='par_1_5' title="bbox 296 2381 1784 2506">
     <span class='ocr_line' id='line_1_31' title="bbox 340 2381 1784 2425; baseline 0.003 -14"><span class='ocrx_word' id='word_1_250' title='bbox 340 2385 366 2412; x_wconf 84' lang='lat'>1.</span> <span class='ocrx_word' id='word_1_251' title='bbox 393 2381 438 2412; x_wconf 88' lang='lat' dir='ltr'>Ce</span> <span class='ocrx_word' id='word_1_252' title='bbox 460 2383 536 2412; x_wconf 86' lang='lat' dir='ltr'>mot</span> <span class='ocrx_word' id='word_1_253' title='bbox 550 2383 605 2412; x_wconf 87' lang='lat' dir='ltr'>est</span> <span class='ocrx_word' id='word_1_254' title='bbox 621 2392 689 2412; x_wconf 85' lang='lat' dir='ltr'>une</span> <span class='ocrx_word' id='word_1_255' title='bbox 706 2382 822 2423; x_wconf 85' lang='lat' dir='ltr'>injure</span> <span class='ocrx_word' id='word_1_256' title='bbox 846 2384 926 2413; x_wconf 88' lang='lat' dir='ltr'>tout</span> <span class='ocrx_word' id='word_1_257' title='bbox 949 2384 968 2413; x_wconf 76' lang='grc' dir='ltr'>ἐι</span> <span class='ocrx_word' id='word_1_258' title='bbox 992 2383 1058 2414; x_wconf 75' lang='lat' dir='ltr'>fait</span> <span class='ocrx_word' id='word_1_259' title='bbox 1076 2383 1273 2414; x_wconf 75' lang='lat' dir='ltr'>medievale</span> <span class='ocrx_word' id='word_1_260' title='bbox 1297 2386 1333 2415; x_wconf 87' lang='lat' dir='ltr'>ct</span> <span class='ocrx_word' id='word_1_261' title='bbox 1350 2383 1496 2425; x_wconf 76' lang='lat' dir='ltr'>designe</span> <span class='ocrx_word' id='word_1_262' title='bbox 1514 2383 1680 2416; x_wconf 83' lang='lat' dir='ltr'>l&#39;homme</span> <span class='ocrx_word' id='word_1_263' title='bbox 1694 2384 1784 2416; x_wconf 63' lang='lat' dir='ltr'>livre</span> 
     </span>
     <span class='ocr_line' id='line_1_32' title="bbox 309 2421 1781 2467; baseline 0.003 -15"><span class='ocrx_word' id='word_1_264' title='bbox 309 2423 327 2452; x_wconf 76' lang='lat' dir='ltr'>a</span> <span class='ocrx_word' id='word_1_265' title='bbox 346 2421 579 2462; x_wconf 72' lang='lat' dir='ltr'>l&#39;impudicitc</span> <span class='ocrx_word' id='word_1_266' title='bbox 597 2433 643 2453; x_wconf 89' lang='lat' dir='ltr'>ou</span> <span class='ocrx_word' id='word_1_267' title='bbox 664 2423 683 2454; x_wconf 71' lang='lat' dir='ltr'>a</span> <span class='ocrx_word' id='word_1_268' title='bbox 700 2423 733 2454; x_wconf 85' lang='lat' dir='ltr'>la</span> <span class='ocrx_word' id='word_1_269' title='bbox 750 2425 1023 2464; x_wconf 69' lang='lat' dir='ltr'>gourmandise,</span> <span class='ocrx_word' id='word_1_270' title='bbox 1042 2435 1085 2455; x_wconf 91' lang='lat' dir='ltr'>en</span> <span class='ocrx_word' id='word_1_271' title='bbox 1103 2425 1208 2455; x_wconf 80' lang='lat' dir='ltr'>vicux</span> <span class='ocrx_word' id='word_1_272' title='bbox 1230 2425 1386 2462; x_wconf 78' lang='lat' dir='ltr'>francais</span> <span class='ocrx_word' id='word_1_273' title='bbox 1409 2425 1552 2457; x_wconf 84' lang='lat' dir='ltr'>lecheor</span> <span class='ocrx_word' id='word_1_274' title='bbox 1571 2425 1781 2467; x_wconf 73' lang='lat' dir='ltr'>(Godesx&#39;oy,</span> 
     </span>
     <span class='ocr_line' id='line_1_33' title="bbox 296 2463 1215 2506; baseline 0.003 -12"><span class='ocrx_word' id='word_1_275' title='bbox 296 2463 386 2495; x_wconf 69' lang='lat' dir='ltr'>Dice.</span> <span class='ocrx_word' id='word_1_276' title='bbox 401 2464 444 2495; x_wconf 86' lang='lat' dir='ltr'>de</span> <span class='ocrx_word' id='word_1_277' title='bbox 463 2464 566 2495; x_wconf 69' lang='lat' dir='ltr'>Fano.</span> <span class='ocrx_word' id='word_1_278' title='bbox 588 2464 720 2505; x_wconf 65' lang='lat' dir='ltr'>langue</span> <span class='ocrx_word' id='word_1_279' title='bbox 744 2465 877 2505; x_wconf 58' lang='lat' dir='ltr'>francz,</span> <span class='ocrx_word' id='word_1_280' title='bbox 895 2468 919 2497; x_wconf 88' lang='lat' dir='ltr'>t.</span> <span class='ocrx_word' id='word_1_281' title='bbox 942 2466 985 2500; x_wconf 83' lang='lat' dir='ltr'>V,</span> <span class='ocrx_word' id='word_1_282' title='bbox 1005 2476 1039 2506; x_wconf 83' lang='lat' dir='ltr'>p.</span> <span class='ocrx_word' id='word_1_283' title='bbox 1057 2467 1215 2506; x_wconf 78' lang='lat'>750-751).</span> 
     </span>
    </p>

    <p class='ocr_par' dir='ltr' id='par_1_6' title="bbox 292 2505 1783 2754">
     <span class='ocr_line' id='line_1_34' title="bbox 337 2505 1783 2549; baseline 0.003 -14"><span class='ocrx_word' id='word_1_284' title='bbox 337 2509 365 2536; x_wconf 86' lang='lat'>2.</span> <span class='ocrx_word' id='word_1_285' title='bbox 393 2505 420 2535; x_wconf 92' lang='lat' dir='ltr'>Il</span> <span class='ocrx_word' id='word_1_286' title='bbox 437 2516 461 2545; x_wconf 87' lang='lat' dir='ltr'>y</span> <span class='ocrx_word' id='word_1_287' title='bbox 478 2506 576 2536; x_wconf 83' lang='lat' dir='ltr'>avait</span> <span class='ocrx_word' id='word_1_288' title='bbox 594 2515 636 2536; x_wconf 83' lang='lat' dir='ltr'>en</span> <span class='ocrx_word' id='word_1_289' title='bbox 655 2506 739 2536; x_wconf 86' lang='lat' dir='ltr'>ess&#39;et</span> <span class='ocrx_word' id='word_1_290' title='bbox 757 2507 847 2537; x_wconf 85' lang='lat' dir='ltr'>deux</span> <span class='ocrx_word' id='word_1_291' title='bbox 867 2507 1138 2537; x_wconf 74' lang='lat' dir='ltr'>archidiacones</span> <span class='ocrx_word' id='word_1_292' title='bbox 1154 2508 1240 2537; x_wconf 86' lang='lat' dir='ltr'>dans</span> <span class='ocrx_word' id='word_1_293' title='bbox 1256 2507 1410 2538; x_wconf 71' lang='lat' dir='ltr'>l’cveche</span> <span class='ocrx_word' id='word_1_294' title='bbox 1423 2508 1466 2538; x_wconf 89' lang='lat' dir='ltr'>de</span> <span class='ocrx_word' id='word_1_295' title='bbox 1479 2507 1575 2538; x_wconf 88' lang='lat' dir='ltr'>Laon</span> <span class='ocrx_word' id='word_1_296' title='bbox 1596 2518 1603 2539; x_wconf 89' lang='lat'><strong>:</strong></span> <span class='ocrx_word' id='word_1_297' title='bbox 1622 2507 1654 2538; x_wconf 86' lang='lat' dir='ltr'>le</span> <span class='ocrx_word' id='word_1_298' title='bbox 1672 2509 1783 2549; x_wconf 86' lang='lat' dir='ltr'>grand</span> 
     </span>
     <span class='ocr_line' id='line_1_35' title="bbox 295 2547 1783 2589; baseline 0.003 -13"><span class='ocrx_word' id='word_1_299' title='bbox 295 2547 558 2586; x_wconf 81' lang='lat' dir='ltr'>archidiacone,</span> <span class='ocrx_word' id='word_1_300' title='bbox 593 2547 654 2587; x_wconf 88' lang='lat' dir='ltr'>qui</span> <span class='ocrx_word' id='word_1_301' title='bbox 683 2548 877 2578; x_wconf 83' lang='lat' dir='ltr'>remontait</span> <span class='ocrx_word' id='word_1_302' title='bbox 895 2549 914 2578; x_wconf 72' lang='lat' dir='ltr'>a</span> <span class='ocrx_word' id='word_1_303' title='bbox 932 2558 999 2579; x_wconf 88' lang='lat' dir='ltr'>unc</span> <span class='ocrx_word' id='word_1_304' title='bbox 1025 2548 1162 2588; x_wconf 72' lang='lat' dir='ltr'>cpoque</span> <span class='ocrx_word' id='word_1_305' title='bbox 1181 2549 1364 2587; x_wconf 78' lang='lat' dir='ltr'>ancienne,</span> <span class='ocrx_word' id='word_1_306' title='bbox 1403 2550 1438 2579; x_wconf 88' lang='lat' dir='ltr'>et</span> <span class='ocrx_word' id='word_1_307' title='bbox 1477 2550 1700 2589; x_wconf 84' lang='lat' dir='ltr'>comprenait</span> <span class='ocrx_word' id='word_1_308' title='bbox 1733 2550 1783 2580; x_wconf 83' lang='lat' dir='ltr'>les</span> 
     </span>
     <span class='ocr_line' id='line_1_36' title="bbox 294 2588 1783 2630; baseline 0.003 -13"><span class='ocrx_word' id='word_1_309' title='bbox 294 2588 477 2628; x_wconf 77' lang='lat' dir='ltr'>doyennes</span> <span class='ocrx_word' id='word_1_310' title='bbox 491 2598 623 2619; x_wconf 83' lang='lat' dir='ltr'>ruraux</span> <span class='ocrx_word' id='word_1_311' title='bbox 645 2589 687 2618; x_wconf 86' lang='lat' dir='ltr'>dc</span> <span class='ocrx_word' id='word_1_312' title='bbox 706 2589 896 2629; x_wconf 79' lang='lat' dir='ltr'>Bruyeres,</span> <span class='ocrx_word' id='word_1_313' title='bbox 915 2589 1025 2628; x_wconf 86' lang='lat' dir='ltr'>Laon,</span> <span class='ocrx_word' id='word_1_314' title='bbox 1048 2590 1170 2628; x_wconf 79' lang='lat' dir='ltr'>Marle,</span> <span class='ocrx_word' id='word_1_315' title='bbox 1191 2590 1386 2630; x_wconf 80' lang='lat' dir='ltr'>Montaigu.</span> <span class='ocrx_word' id='word_1_316' title='bbox 1407 2590 1619 2620; x_wconf 71' lang='lat' dir='ltr'>Neuscliatel</span> <span class='ocrx_word' id='word_1_317' title='bbox 1641 2591 1676 2622; x_wconf 87' lang='lat' dir='ltr'>et</span> <span class='ocrx_word' id='word_1_318' title='bbox 1694 2591 1783 2622; x_wconf 82' lang='lat' dir='ltr'>Ver-</span> 
     </span>
     <span class='ocr_line' id='line_1_37' title="bbox 294 2629 1783 2669; baseline 0.003 -10"><span class='ocrx_word' id='word_1_319' title='bbox 294 2629 383 2667; x_wconf 74' lang='lat' dir='ltr'>dun3</span> <span class='ocrx_word' id='word_1_320' title='bbox 415 2629 688 2660; x_wconf 79' lang='lat' dir='ltr'>l&#39;archidiacone</span> <span class='ocrx_word' id='word_1_321' title='bbox 723 2630 766 2660; x_wconf 87' lang='lat' dir='ltr'>de</span> <span class='ocrx_word' id='word_1_322' title='bbox 799 2630 1006 2669; x_wconf 72' lang='lat' dir='ltr'>Thicrache‚</span> <span class='ocrx_word' id='word_1_323' title='bbox 1042 2630 1154 2660; x_wconf 67' lang='lat' dir='ltr'>forme</span> <span class='ocrx_word' id='word_1_324' title='bbox 1190 2640 1233 2661; x_wconf 87' lang='lat' dir='ltr'>au</span> <span class='ocrx_word' id='word_1_325' title='bbox 1270 2638 1318 2661; x_wconf 69' lang='lat' dir='ltr'>xr‘</span> <span class='ocrx_word' id='word_1_326' title='bbox 1357 2631 1476 2668; x_wconf 69' lang='lat' dir='ltr'>siecle,</span> <span class='ocrx_word' id='word_1_327' title='bbox 1511 2634 1706 2663; x_wconf 86' lang='lat' dir='ltr'>contenant</span> <span class='ocrx_word' id='word_1_328' title='bbox 1733 2632 1783 2663; x_wconf 84' lang='lat' dir='ltr'>les</span> 
     </span>
     <span class='ocr_line' id='line_1_38' title="bbox 292 2670 1780 2712; baseline 0.003 -12"><span class='ocrx_word' id='word_1_329' title='bbox 292 2670 475 2710; x_wconf 76' lang='lat' dir='ltr'>doyennes</span> <span class='ocrx_word' id='word_1_330' title='bbox 493 2681 624 2701; x_wconf 82' lang='lat' dir='ltr'>ruraux</span> <span class='ocrx_word' id='word_1_331' title='bbox 642 2670 883 2709; x_wconf 76' lang='lat' dir='ltr'>d&#39;Aubenton,</span> <span class='ocrx_word' id='word_1_332' title='bbox 912 2671 1238 2712; x_wconf 78' lang='lat' dir='ltr'>Crccy—sur—Scrre,</span> <span class='ocrx_word' id='word_1_333' title='bbox 1261 2672 1307 2703; x_wconf 90' lang='lat' dir='ltr'>La</span> <span class='ocrx_word' id='word_1_334' title='bbox 1325 2672 1424 2709; x_wconf 72' lang='lat' dir='ltr'>Fere,</span> <span class='ocrx_word' id='word_1_335' title='bbox 1448 2673 1568 2710; x_wconf 87' lang='lat' dir='ltr'>Guise,</span> <span class='ocrx_word' id='word_1_336' title='bbox 1594 2672 1780 2707; x_wconf 80' lang='lat' dir='ltr'>Mons-en-</span> 
     </span>
     <span class='ocr_line' id='line_1_39' title="bbox 295 2711 1315 2754; baseline 0.003 -13"><span class='ocrx_word' id='word_1_337' title='bbox 295 2711 473 2742; x_wconf 82' lang='lat' dir='ltr'>Laonnois</span> <span class='ocrx_word' id='word_1_338' title='bbox 488 2714 523 2742; x_wconf 82' lang='lat' dir='ltr'>ct</span> <span class='ocrx_word' id='word_1_339' title='bbox 543 2712 735 2742; x_wconf 83' lang='lat' dir='ltr'>Ribcmont</span> <span class='ocrx_word' id='word_1_340' title='bbox 756 2712 811 2751; x_wconf 83' lang='lat' dir='ltr'>(A.</span> <span class='ocrx_word' id='word_1_341' title='bbox 836 2713 988 2750; x_wconf 84' lang='lat' dir='ltr'>Matton,</span> <span class='ocrx_word' id='word_1_342' title='bbox 1008 2723 1063 2753; x_wconf 79' lang='lat' dir='ltr'>op.</span> <span class='ocrx_word' id='word_1_343' title='bbox 1081 2712 1154 2751; x_wconf 62' lang='lat' dir='ltr'>cit„</span> <span class='ocrx_word' id='word_1_344' title='bbox 1175 2724 1209 2753; x_wconf 89' lang='lat' dir='ltr'>p.</span> <span class='ocrx_word' id='word_1_345' title='bbox 1233 2714 1315 2754; x_wconf 80' lang='lat'>149).</span> 
     </span>
    </p>

    <p class='ocr_par' dir='ltr' id='par_1_7' title="bbox 295 2753 1782 2837">
     <span class='ocr_line' id='line_1_40' title="bbox 335 2753 1781 2795; baseline 0.003 -13"><span class='ocrx_word' id='word_1_346' title='bbox 335 2756 363 2783; x_wconf 84' lang='lat'>3.</span> <span class='ocrx_word' id='word_1_347' title='bbox 391 2753 456 2783; x_wconf 89' lang='lat' dir='ltr'>Les</span> <span class='ocrx_word' id='word_1_348' title='bbox 469 2753 705 2784; x_wconf 84' lang='lat' dir='ltr'>attributions</span> <span class='ocrx_word' id='word_1_349' title='bbox 716 2753 929 2784; x_wconf 80' lang='lat' dir='ltr'>d&#39;ordinaire</span> <span class='ocrx_word' id='word_1_350' title='bbox 942 2757 1129 2793; x_wconf 82' lang='lat' dir='ltr'>purement</span> <span class='ocrx_word' id='word_1_351' title='bbox 1140 2755 1360 2785; x_wconf 81' lang='lat' dir='ltr'>domaniales</span> <span class='ocrx_word' id='word_1_352' title='bbox 1376 2755 1422 2784; x_wconf 92' lang='lat' dir='ltr'>du</span> <span class='ocrx_word' id='word_1_353' title='bbox 1438 2754 1566 2795; x_wconf 76' lang='lat' dir='ltr'>prevot</span> <span class='ocrx_word' id='word_1_354' title='bbox 1584 2754 1781 2795; x_wconf 83' lang='lat' dir='ltr'>(Luchaire,</span> 
     </span>
     <span class='ocr_line' id='line_1_41' title="bbox 295 2793 1782 2837; baseline 0.003 -14"><span class='ocrx_word' id='word_1_355' title='bbox 295 2793 383 2824; x_wconf 80' lang='lat' dir='ltr'>Ilisl.</span> <span class='ocrx_word' id='word_1_356' title='bbox 403 2794 463 2824; x_wconf 83' lang='lat' dir='ltr'>des</span> <span class='ocrx_word' id='word_1_357' title='bbox 483 2793 596 2826; x_wconf 64' lang='lat' dir='ltr'>instit.</span> <span class='ocrx_word' id='word_1_358' title='bbox 615 2804 722 2834; x_wconf 58' lang='lat' dir='ltr'>mon„</span> <span class='ocrx_word' id='word_1_359' title='bbox 740 2796 764 2826; x_wconf 80' lang='lat' dir='ltr'>t.</span> <span class='ocrx_word' id='word_1_360' title='bbox 780 2795 805 2833; x_wconf 91' lang='lat'>1,</span> <span class='ocrx_word' id='word_1_361' title='bbox 821 2794 930 2834; x_wconf 86' lang='lat' dir='ltr'>Paris,</span> <span class='ocrx_word' id='word_1_362' title='bbox 945 2798 1035 2834; x_wconf 78' lang='lat'>1883,</span> <span class='ocrx_word' id='word_1_363' title='bbox 1048 2795 1130 2833; x_wconf 84' lang='lat' dir='ltr'>in—8,</span> <span class='ocrx_word' id='word_1_364' title='bbox 1144 2806 1179 2836; x_wconf 90' lang='lat' dir='ltr'>p.</span> <span class='ocrx_word' id='word_1_365' title='bbox 1196 2796 1245 2836; x_wconf 86' lang='lat'>86)</span> <span class='ocrx_word' id='word_1_366' title='bbox 1265 2798 1347 2827; x_wconf 86' lang='lat' dir='ltr'>sont</span> <span class='ocrx_word' id='word_1_367' title='bbox 1363 2795 1408 2826; x_wconf 92' lang='lat' dir='ltr'>ici</span> <span class='ocrx_word' id='word_1_368' title='bbox 1426 2795 1629 2837; x_wconf 73' lang='lat' dir='ltr'>depassees,</span> <span class='ocrx_word' id='word_1_369' title='bbox 1643 2798 1680 2827; x_wconf 90' lang='lat' dir='ltr'>et</span> <span class='ocrx_word' id='word_1_370' title='bbox 1693 2806 1782 2827; x_wconf 92' lang='lat' dir='ltr'>nous</span> 
     </span>
    </p>
   </div>
  </div>
 </body>
</html>
