1930 3224
580 296 680 326 vm.
716 295 910 325 summm
943 297 1049 326 vlu:
1080 296 1201 325 LIBER
1228 297 1274 324 ιιι
1608 286 1682 329 131

186 406 289 439 eum
330 394 546 454 praedicto
587 395 751 438 comite
790 394 877 437 sibi
920 395 1302 438 necessitudinem
1346 397 1496 439 nescio
1554 414 1690 456 quam

98 458 123 493 ³³·
185 463 393 523 crearat),
417 463 680 522 capellanus
710 463 808 521 ejus
835 464 934 516 fuit,
965 468 1026 518 et,
1066 464 1171 522 quia
1213 465 1473 508 Francicam
1510 466 1690 524 elegan-

182 527 296 576 tiam
320 536 469 586 norat,
502 530 726 589 Anglicus
749 532 827 575 ille
856 532 913 574 ad
943 533 1219 575 Francorum
1248 548 1401 591 regem
1438 534 1688 577 Henricum

183 602 289 660 „em
314 600 480 659 saepius
501 600 772 643 destinabat.
802 600 917 643 Cum
944 617 1034 659 quo
1058 616 1178 658 rege,
1209 601 1314 659 quia
1329 610 1347 629 a
1371 602 1568 645 multum
1591 608 1688 646 erat

183 669 390 728 eupiduS‚
418 674 463 712 et
504 669 848 726 episcopatuum
874 669 1212 712 venditionibus
1246 676 1470 725 assuetus,
1521 671 1684 729 largis-

81 749 84 750 ⁷
103 749 119 763 ,A
142 747 154 759 U
184 737 312 800 {imis
336 737 701 781 lenocinantibus
717 737 920 781 exeniish
935 738 1043 795 egit,
1061 743 1128 791 ut,
1154 738 1191 780 si
1206 739 1432 797 quispiam
1448 740 1685 798 episcopo-

183 807 285 863 rum
315 806 800 867 Francius-decederet,
839 806 1175 864 pontificalibus
1206 806 1363 849 infulis
1399 808 1495 866 ipse
1529 824 1685 852 succe-

183 873 340 920 deret:
364 875 404 918 is
431 875 553 918 enim
575 875 622 918 in
649 875 897 932 capellania
921 876 1040 933 regis
1061 891 1112 918 ac
1148 876 1314 934 reginae
1351 877 1542 933 positus,
1571 893 1684 936 quo—

180 943 304 990 niam
343 944 512 1001 Anglia
550 943 739 986 infinitis
775 960 827 986 eo
871 949 1075 1001 tempore
1114 944 1304 987 florebat
1349 945 1527 1003 opibus,
1569 947 1686 988 mul-

178 1017 251 1056 tos
270 1012 563 1072 pecuniarum
586 1017 766 1055 montes
787 1018 1077 1070 aggesserat;
1106 1012 1206 1055 ideo
1240 1013 1465 1057 arridente
1499 1015 1539 1057 ei
1568 1031 1683 1072 prae—

177 1079 269 1125 fata
309 1081 599 1139 largitionum
633 1097 783 1134 causa,
817 1097 907 1123 vox
950 1081 1048 1139 ejus
1091 1082 1211 1138 apud
1247 1082 1491 1125 Henricum
1529 1099 1682 1141 regem

175 1149 449 1194 exaudibilis
469 1154 580 1193 erat.
606 1149 738 1203 Quod
761 1155 806 1193 et
829 1150 998 1193 factum
1019 1155 1103 1193 est.
1138 1151 1357 1193 Lauduno
1384 1152 1506 1194 enim
1531 1152 1682 1195 invec—

74 1257 80 1269 ,
160 1223 250 1263 -tus
266 1219 298 1272 ¹,
321 1219 426 1278 quia
451 1234 542 1261 non
565 1218 864 1262 aestimatione
885 1223 1141 1276 parentum,
1172 1235 1262 1261 non
1290 1220 1507 1263 scientiac
1530 1221 1681 1264 litera-

174 1303 276 1340 rum
296 1302 344 1330 se
367 1287 615 1331 valiturum
630 1287 834 1346 putabat,
850 1288 896 1330 in
915 1288 1163 1346 opulentia,
1179 1304 1279 1346 quae
1297 1289 1492 1347 plurima
1517 1305 1680 1348 suppe-

174 1355 315 1410 tebat,
336 1361 382 1400 et
410 1371 547 1415 quam
572 1356 832 1399 cautissime
859 1356 1122 1415 dispensare
1151 1356 1384 1407 didicerat,
1423 1363 1467 1400 et
1497 1359 1680 1416 dapsili-

173 1430 269 1477 tate
295 1440 399 1483 spes
421 1425 582 1469 fuerat.

227 1494 304 1538 Ad
334 1493 560 1538 ornandas
595 1493 734 1551 igitur
769 1499 813 1537 et
851 1494 1123 1537 extruendas
1155 1510 1202 1537 se
1242 1496 1378 1538 vertit
1411 1495 1625 1538 ecclesias
1643 1496 1676 1549 2,

173 1567 235 1617 et,
280 1577 385 1607 cum
426 1562 571 1606 multa
612 1562 713 1622 pro}
740 1563 835 1605 Deo
867 1563 1098 1606 videretur
1139 1563 1298 1616 facere,
1336 1564 1679 1607 evidentissima

118 1675 122 1682 ,
172 1636 328 1676 tamen
351 1631 488 1675 dabat
511 1631 692 1686 indicia,
720 1647 766 1674 se
797 1631 920 1674 solos
940 1633 1045 1675 inde
1075 1632 1269 1686 favores,
1302 1633 1447 1675 solam
1476 1633 1674 1676 nominis

170 1699 469 1750 dilationemd
493 1700 539 1743 in
565 1700 677 1743 bene
698 1700 840 1758 gestis
858 1716 1071 1758 quaerere.
1108 1701 1191 1743 His
1215 1701 1352 1744 etiam
1378 1701 1475 1759 ipse
1501 1702 1675 1745 artibus

170 1769 506 1814 Rhemenseme
534 1769 972 1827 archiepiscopatum
1008 1769 1176 1812 insedit
1189 1771 1221 1824 3,
1265 1786 1402 1827 quem
1431 1786 1535 1812 cum
1563 1770 1676 1814 dila-

167 1838 336 1898 pidatis
345 1854 486 1897 penes
500 1854 654 1896 regem
677 1838 955 1896 Philippum,
978 1838 1210 1881 hominem
1222 1839 1267 1880 in
1287 1839 1370 1881 Dei
1391 1839 1525 1881 rebus
1540 1855 1676 1882 vena-

38 1899 43 1902 ⁴
75 1924 78 1925 ⁷
111 1935 116 1941 -
166 1906 432 1960 lissimumffi
457 1906 634 1965 magnis
660 1907 871 1950 censibus
892 1907 1075 1949 biennio
1097 1907 1368 1950 obtinuisset
1383 1907 1415 1960 s,
1443 1923 1464 1950 a
1492 1908 1674 1951 domino

166 1977 320 2035 papa5
340 1975 530 2030 audivit,
565 1975 669 2033 quia
710 1991 895 2018 uxorem
926 1975 1029 2033 quis
1064 1975 1252 2029 habens,
1292 1977 1483 2019 alteram
1516 1992 1673 2035 super-

167 2044 380 2088 inducere
427 2060 712 2103 nequaquam
752 2044 911 2102 possit.
949 2044 1216 2088 Consulenti
1251 2046 1384 2103 plane
1415 2045 1595 2088 cuidam
1625 2062 1673 2088 se

171 2149 176 2152 ⁶
209 2168 242 2191 a.
260 2157 349 2202 quia
363 2157 391 2189 B
410 2159 446 2206 et
462 2157 555 2205 Gall.
573 2156 722 2195 Christ„
740 2160 764 2189 t.
786 2157 847 2197 lx,
863 2157 933 2190 col.
949 2160 1020 2189 524.
1038 2157 1105 2200 qui
1123 2157 1257 2190 D.—b.
1277 2157 1394 2190 meniis
1410 2158 1498 2205 D3—
1515 2159 1674 2206 c3sct'en—

167 2201 227 2234 tiae
235 2201 323 2234 D.—
334 2200 369 2233 d.
383 2199 732 2232 dtlalattonemD.-—
742 2209 771 2231 e.
783 2200 991 2232 Remensem
1003 2200 1126 2241 D.—s'.
1138 2200 1238 2232 Corr.
1252 2201 1297 2231 de
1314 2200 1358 2232 D.
1374 2200 1618 2233 obtznnuaesset
1631 2201 1671 2233 B.

206 2355 236 2384 1.
262 2351 292 2383 11
306 2352 362 2385 siit
378 2351 443 2384 fait
460 2350 597 2392 (aveque
615 2351 659 2382 de
678 2350 775 2382 Laon
790 2360 833 2381 en
854 2353 932 2381 1052
952 2350 1061 2390 (Gall.
1081 2349 1232 2390 Christ„
1248 2352 1275 2382 t.
1295 2350 1357 2390 IX,
1377 2350 1446 2381 col.
1464 2351 1550 2391 524).

205 2397 236 2426 2.
261 2392 315 2425 En
331 2393 554 2436 parficulier,
577 2392 601 2423 il
625 2393 745 2424 donna
769 2403 812 2424 en
838 2395 931 2431 1089,
947 2392 967 2423 a
984 2391 1150 2433 l'abbaye
1173 2392 1218 2424 de
1246 2392 1402 2432 Nogent,
1421 2393 1472 2423 les
1492 2393 1608 2423 autcls
1627 2393 1671 2424 de

161 2435 272 2468 Petra
290 2434 435 2474 manda,
453 2437 495 2468 εἰ,
506 2435 645 2466 Chaum
663 2436 697 2466 el
714 2435 935 2466 Besencurte
952 2433 1057 2474 (Gall.
1079 2433 1259 2472 Christ.‚t.
1278 2434 1337 2472 lx,
1355 2434 1422 2465 col.
1438 2434 1522 2475 525).

170 2489 178 2492 -
203 2481 234 2510 3.
257 2476 302 2509 Je
318 2487 363 2510 ne
386 2477 466 2508 vois
518 2486 559 2508 as
588 2478 771 2507 comment
797 2475 953 2507 Guibert
981 2477 1069 2516 peut
1097 2476 1174 2507 dire
1203 2475 1446 2516 qu'Hclinand
1464 2476 1514 2508 ait
1532 2475 1670 2516 occupc

162 2518 408 2552 l'archeveche
423 2518 468 2550 de
482 2487 618 2557 Keims,
640 2518 795 2560 puisquc
817 2519 875 2549 cet
898 2517 1102 2558 evequeest
1120 2520 1215 2549 mort
1236 2527 1279 2548 en
1296 2520 1376 2548 1098
1392 2517 1500 2557 (Gall.
1519 2517 1671 2554 Christ.,

162 2563 190 2594 t.
210 2561 272 2602 lx,
290 2561 360 2593 col.
376 2560 462 2602 515),
482 2571 551 2603 que
572 2559 758 2591 Manasses
780 2569 800 2590 a
823 2558 880 2591 cte
907 2558 1133 2600 archeveque
1149 2559 1194 2590 dc
1219 2559 1341 2590 Reims
1359 2560 1402 2590 dc
1434 2562 1514 2590 1096
1538 2559 1557 2590 a
1589 2562 1670 2590 1106

164 2602 286 2645 (Ibid.‚
303 2602 372 2635 col.
389 2602 510 2645 77-80),
534 2604 570 2635 et
588 2601 834 2643 qu'Helinand
853 2611 873 2632 a
890 2601 1006 2632 meme
1023 2601 1098 2642 pris
1116 2602 1199 2642 part
1216 2601 1235 2632 a
1254 2602 1287 2632 la
1302 2600 1553 2632 consecration
1573 2601 1617 2632 de
1629 2611 1669 2632 cc

163 2645 366 2719 dell-mgztte
383 2686 633 2735 appreciation
658 2684 749 2716 n'est
772 2695 838 2732 pas
859 2684 948 2716 celle
963 2684 1026 2716 des
1044 2684 1309 2725 chroniqucurs
1327 2685 1390 2715 des
1403 2684 1565 2725 abbayes
1583 2694 1670 2715 aux-

190 2729 302 2761 uelles
315 2728 349 2760 le
369 2738 425 2760 roi
439 2738 459 2760 a
482 2728 548 2760 fait
565 2728 629 2759 des
655 2728 850 2758 donations
877 2726 936 2766 (cf.
963 2726 1006 2757 A.
1034 2726 1207 2758 Luchairc
1223 2726 1313 2757 daus
1338 2726 1453 2757 l'Hist.
1471 2726 1513 2758 de
1532 2726 1668 2757 France

189 2781 208 2803 e
223 2770 384 2811 Lavisse,
403 2772 429 2802 t.
449 2769 494 2809 11,
513 2774 543 2809 2,
569 2769 682 2809 Paris,
700 2771 792 2808 1901,
811 2768 898 2807 ιιι-4,
914 2778 949 2810 p.
976 2768 1141 2810 168·169).

150 2830 152 2832 v
206 2815 236 2845 5.
262 2811 400 2844 Urbain
416 2811 462 2852 11,
488 2814 680 2844 1088-1099.
