1930 3224
302 271 356 310 20
695 282 792 311 vEN.
829 281 1167 310 GuissERTerAE
1206 281 1325 308 mnan
1357 282 1367 308 1

302 380 576 437 subjacebat,
611 380 719 421 mihi
751 376 892 431 daret,
934 385 978 420 et
1019 395 1041 421 a
1074 378 1205 421 sratre
1231 394 1328 420 meo
1359 393 1495 436 penes
1527 392 1786 435 eumrepe-

301 448 541 490 tundarum
563 447 766 489 molestia
789 446 884 504 jam
910 451 1118 489 cessaret.

360 516 467 559 Erat
511 531 561 558 ea
595 519 877 572 >tempestate
927 530 1044 556 nova
1082 529 1214 572 super
1265 514 1464 556 uxoratis
1515 511 1790 571 preshyteris

301 584 557 641 apostolicae
591 583 709 625 sedis
742 583 952 636 invectio,
990 582 1107 624 unde
1147 588 1190 624 et
1227 582 1352 639 vulgi
1384 581 1567 623 clericos
1605 579 1789 623 zelantis

301 657 424 694 tanta
446 652 662 693 adversus
686 666 761 693 eos
793 651 938 692 rabies
963 650 1196 703 aestuabat,
1217 654 1267 692 ut
1289 655 1367 692 aut
1384 665 1460 692 eos
1486 648 1788 691 ecclesiastico

301 719 466 776 privari
499 719 729 772 beneficio,
774 718 846 760 vel
887 718 1101 760 abstineri
1143 718 1390 760 sacerdotio
1429 717 1593 759 infesto
1629 715 1789 775 spiritu

302 787 633 829 conclamarent
649 791 676 829 ¹.
698 787 771 828 Ad
789 787 903 828 hoca
929 787 1069 844 patris
1092 786 1179 828 mei
1203 786 1384 843 quidam
1409 800 1565 842 nepos,
1589 784 1660 827 vir
1682 799 1787 835 suos

301 870 401 896 cum
442 855 658 912 potentia,
695 859 791 896 tum
817 854 1053 911 prudentia
1085 853 1400 911 praeminensb,
1441 869 1543 895 cum
1574 851 1787 895 venerim>

301 922 425 979 operi
460 923 569 964 adeo
609 923 853 980 pecualiter
882 922 1149 978 indulgeret,
1174 926 1224 964 ut
1258 921 1508 978 cujuspiam
1541 920 1789 963 necessitu-

301 990 394 1032 dini
421 989 701 1032 faeminarum
733 990 778 1031 in
816 990 941 1032 nullo
977 989 1184 1043 deferret,
1232 994 1357 1032 tanta
1383 990 1429 1031 in
1456 989 1626 1031 clerum
1653 1002 1790 1046 super

301 1057 486 1115 praefato
525 1074 694 1100 canone
727 1058 1001 1100 bachabatur
1038 1058 1267 1109 instantia,
1305 1057 1396 1099 acsi
1416 1073 1518 1099 eum
1547 1055 1788 1114 singularis

303 1127 358 1168 ad
390 1127 735 1169 detestationem
770 1127 928 1168 talium
955 1126 1155 1182 pulsaret
1186 1125 1398 1183 pudicitia
1424 1139 1432 1168 :
1463 1129 1506 1167 et
1532 1139 1634 1167 cum
1671 1127 1791 1167 esset

302 1195 442 1236 laicus
475 1199 519 1236 et
561 1195 654 1236 suis
687 1194 826 1236 arceri
859 1210 948 1235 non
982 1198 1135 1250 posset
1166 1193 1357 1250 legibus,
1397 1197 1565 1250 quanto
1598 1192 1790 1234 laxiores

301 1262 492 1313 fuerant,
523 1267 647 1304 tanto
682 1263 750 1303 his
782 1262 1059 1304 abutebatur-
1079 1261 1258 1314 foedius;
1291 1276 1435 1319 neque
1472 1260 1592 1303 enim
1620 1259 1789 1302 uxoriis

302 1335 476 1388 poterat
499 1331 714 1372 contineri
738 1329 921 1383 retibus,
938 1330 1101 1387 quippe
1128 1329 1203 1386 qui
1227 1328 1484 1386 hujusmodi
1508 1343 1754 1386 numquam
1769 1326 1790 1354 ‘¹

302 1414 462 1456 passus
485 1403 554 1440 est
574 1398 803 1455 illaqueari
828 1397 1030 1440 nexibus,
1058 1397 1155 1438 Hiis
1176 1397 1312 1453 igitur
1329 1412 1431 1439 cum
1450 1396 1601 1450 faetido
1621 1395 1790 1454 passim

304 1482 380 1523 pro
396 1466 560 1508 talibus
594 1470 878 1523 spargeretur
905 1466 1054 1518 odore,
1088 1465 1165 1506 sed
1193 1469 1289 1506 tum
1310 1480 1411 1507 eum
1439 1463 1680 1516 saecularis,
1703 1479 1789 1521 qua
1826 1495 1836 1505 .

302 1534 595 1592 praeminebat
609 1542 638 1586 ⁶³,
655 1534 882 1590 opulentia
899 1533 1166 1584 defensaret,
1190 1548 1437 1589 numquam
1452 1532 1473 1559 ‘¹
1487 1548 1579 1575 suae
1610 1531 1790 1589 objectu

301 1602 572 1659 impuritatis
587 1603 801 1644 adversus
821 1617 996 1643 sacrum
1017 1601 1219 1643 ordinem
1240 1600 1381 1657 ipsius
1398 1600 1644 1657 pervicacia
1661 1599 1788 1642 dcto-

304 1685 409 1712 nare
437 1670 656 1712 cessabat.

363 1738 553 1781 Causam
588 1738 736 1795 itaque
765 1742 937 1791 nactus,
967 1753 1053 1794 qua
1080 1736 1188 1778 mihi
1217 1735 1450 1793 eujusdam
1473 1735 1663 1778 loculosi
1679 1736 1708 1784 2,
1741 1740 1791 1777 ut
1843 1773 1846 1775 .

303 1805 518 1858 ferebant,
542 1805 792 1862 presbyteri
814 1805 1080 1847 detrimento
1103 1804 1350 1861 proficeret,
1378 1804 1496 1861 apud
1516 1809 1790 1846 castrensem

303 1874 551 1926 dominum,
583 1889 720 1931 penes
750 1869 882 1930 quem
915 1873 1022 1915 satis
1050 1888 1269 1930 superque
1301 1876 1490 1929 poterat,
1523 1876 1680 1929 utpote
1714 1870 1790 1928 qui

303 1942 342 1983 ei
380 1947 610 1999 tantopere
647 1942 925 1983 necessarius
959 1945 1067 1994 erat,
1104 1941 1210 1997 egit,
1254 1945 1304 1982 ut
1338 1940 1498 1982 clerico
1530 1938 1715 1981 absente
1747 1944 1792 1981 et

302 2010 483 2067 penitus
515 2009 785 2051 inconvento
816 2025 885 2050 me
919 2014 1138 2061 evocaret,
1171 2014 1214 2051 et
1248 2008 1562 2050 investituram
1596 2007 1790 2065 praefatae

304 2078 413 2119 mihi
452 2077 675 2119 canonicae
705 2077 843 2119 daret.
884 2077 1096 2118 Ecclesia}
1124 2076 1241 2117 enim
1278 2075 1345 2117 illi
1371 2080 1524 2117 contra
1552 2075 1628 2132 jus
1655 2079 1699 2117 et
1725 2074 1790 2116 fas

304 2145 417 2187 male
445 2146 500 2187 ab
521 2145 729 2202 episcopo
754 2145 927 2186 indulta
946 2144 1125 2186 licentia
1147 2143 1460 2186 abbatiabatur
1472 2143 1503 2196 f,
1531 2147 1576 2185 et
1596 2158 1789 2185 canones

302 2229 324 2255 a
348 2214 573 2255 canonicis
592 2229 680 2254 non
697 2213 938 2254 canonicus
951 2220 973 2247 ,q
993 2211 1214 2268 exigebat.
1233 2211 1345 2262 Quia
1365 2227 1470 2269 ergo
1488 2217 1594 2253 tunc
1617 2217 1790 2268 tempo-

345 2371 376 2391 η.
406 2360 478 2391 haec
500 2360 541 2391 D.
565 2378 606 2382 —
628 2359 662 2390 I).
682 2359 921 2400 praeeminens
949 2359 988 2389 D.
1022 2377 1062 2381 —-
1091 2369 1119 2389 c.
1149 2359 1311 2389 venerico
1340 2359 1388 2388 D.
1415 2376 1455 2381 —-
1476 2358 1508 2389 d.
1537 2367 1723 2400 nunquam
1747 2357 1787 2389 D.

303 2412 389 2448 —·e·.
414 2401 672 2473 Jgaeeminebal
699 2401 740 2432 l).
761 2419 799 2423 -
824 2401 850 2440 [ζ
875 2400 1108 2431 abatt'abatur
1130 2400 1171 2431 D.
1199 2419 1240 2422 —
1262 2411 1297 2441 {J-
1325 2410 1395 2431 ηοη
1422 2400 1617 2431 canonicus
1641 2409 1662 2430 a
1682 2409 1789 2430 cano-

308 2453 398 2474 mets
460 2468 466 2475 .

346 2642 374 2668 1.
400 2639 454 2668 Au
475 2638 586 2668 meme
605 2638 775 2675 moment,
797 2636 932 2667 Urbain
953 2636 985 2667 ΙΙ
1004 2637 1123 2668 faisait
1143 2636 1361 2668 condemner
1384 2646 1443 2667 ces
1462 2646 1594 2667 moeurs
1615 2645 1683 2667 aux
1705 2645 1790 2666 con-

303 2679 388 2710 cilcs
415 2679 578 2709 d'Amalfi
603 2681 644 2719 (c.
666 2681 682 2708 2
707 2680 742 2708 et
767 2681 816 2715 12,
840 2678 970 2717 Labbe,
997 2678 1116 2717 Conc.,
1138 2681 1162 2709 t.
1184 2678 1228 2716 X,
1246 2688 1279 2718 p.
1303 2679 1454 2718 476-477)
1473 2679 1509 2708 et
1532 2678 1574 2708 de
1593 2677 1791 2708 Clermont-

305 2721 461 2751 Feri-and
477 2721 520 2761 (c.
540 2723 569 2757 9,
591 2719 692 2757 ibid„
711 2730 745 2759 p.
763 2719 846 2758 507).

298 2788 300 2791 ,
345 2766 372 2792 2.
399 2760 564 2793 Loculosi
582 2761 669 2791 n'est
682 2770 745 2800 pas
761 2761 834 2800 pris
852 2761 897 2791 ici
921 2761 1008 2791 dans
1038 2770 1102 2791 son
1131 2771 1212 2791 sens
1235 2760 1406 2791 habituel.
1434 2760 1462 2790 Il
1486 2759 1623 2791 semble
1647 2758 1790 2800 s'appli-

304 2813 391 2843 quer
406 2803 702 2844 pejorativement
718 2801 736 2831 a
758 2802 789 2831 la
804 2802 986 2832 naissance
1005 2812 1049 2832 ou
1068 2802 1086 2832 a
1104 2803 1136 2832 la
1154 2802 1297 2833 fortune
1314 2801 1360 2832 du
1376 2802 1495 2842 preti-e
1513 2811 1556 2832 en
1569 2801 1746 2842 question.
