1930 3224
297 231 322 272 2
707 247 805 276 VEN.
843 247 1033 276 GUIBERTI
1065 249 1172 278 vlTAE
1203 249 1322 278 LIBER
1353 250 1366 278 1

295 343 390 386 sine
408 348 483 386 tua
500 345 722 402 spirituali
742 345 961 388 infusione
983 346 1218 400 habentur,
1238 348 1462 406 quomodo
1484 354 1576 391 tarn
1596 349 1784 407 dignan-

295 416 363 453 ter
391 411 516 454 illabi
548 418 830 470 peccatorum
866 414 1122 471 pectoribus
1159 416 1341 472 pateris,
1380 421 1424 459 et
1458 417 1628 459 aversis
1663 431 1688 459 a
1718 421 1778 471 te,

294 479 431 521 immo
450 471 467 506 ἅ
493 485 535 522 te
557 481 852 534 irritantibus,
880 485 1054 524 tantam
1082 483 1272 540 gratiam
1291 484 1515 540 dilargiris
1541 485 1561 526 ⁶?
1584 485 1650 527 Tu
1673 484 1777 538 scis,

293 548 538 605 paternitas
566 563 724 604 magna
752 548 901 601 nimis,
926 565 1061 606 quam
1087 550 1313 594 obstinata
1352 552 1567 594 adversus
1600 567 1676 595 eos
1704 552 1781 610 qui

295 615 341 656 in
356 616 572 658 offensam
591 621 789 659 nostram
813 617 1017 660 incidunt
1034 618 1165 660 corda
1180 619 1394 676 gerimus,
1410 624 1453 662 et
1474 620 1528 662 iis
1543 620 1617 678 qui
1642 621 1783 663 semel

294 689 371 726 aut
391 684 624 740 pluraliter
650 684 695 725 in
722 700 804 726 nos
830 689 908 727 aut
933 685 1102 739 vultus,
1137 693 1214 730 aut
1244 687 1379 730 verba
1406 688 1623 744 tulerunt,
1644 703 1780 747 quam

294 767 410 809 aegre
431 752 715 795 remittimus.

352 820 415 862 At
426 825 475 862 tu
491 836 580 862 non
592 821 724 862 modo
737 821 853 878 piuS,
875 826 919 863 at
940 837 1044 864 vero
1066 822 1162 879 ipsa
1173 823 1333 880 pietas,
1351 823 1510 866 immo³
1527 823 1624 881 ejus
1635 821 1776 881 origo.

295 887 503 938 Quicum
528 888 865 946 generalissime
900 890 1199 947 progrediaris
1231 891 1287 933 ad
1316 907 1489 944 omnes,
1520 907 1667 934 nonne
1687 892 1780 935 sin-

292 956 412 1012 gulis
439 956 607 1013 poteris
635 972 732 999 esse
758 957 1018 999 sufficiens?
1037 957 1236 1009 Quidni?
1270 959 1385 1001 Cum
1405 960 1601 1002 mundus
1621 960 1666 1002 in
1694 959 1778 1002 Dei

293 1023 545 1081 ignorantia
563 1025 737 1082 positus
761 1030 895 1077 esset,
923 1041 1026 1067 cum
1052 1026 1097 1067 in
1131 1025 1326 1069 tenebris
1356 1043 1406 1069 ac
1433 1027 1591 1070 mortis
1621 1027 1780 1070 umbra

292 1097 561 1146 versaretur,
593 1108 695 1134 cum
731 1098 861 1135 nocte
894 1109 1025 1135 suum
1061 1099 1301 1151 peragente
1334 1111 1515 1138 cursum
1550 1095 1780 1138 silentium

294 1174 531 1202 commune
553 1164 741 1212 teneret,
762 1161 891 1218 cujus
912 1161 1088 1215 merito,
1115 1161 1244 1219 cujus
1266 1178 1374 1204 voce
1400 1152 1546 1220 potuit
1580 1162 1778 1221 compel-

294 1227 375 1269 lari
402 1243 546 1269 sermo
567 1228 852 1285 omnipotens
872 1234 995 1283 tuus,
1022 1234 1110 1271 uta
1144 1230 1282 1287 regali
1307 1230 1411 1273 sede
1434 1231 1609 1273 veniret
1623 1230 1686 1275 ⁶2¹.
1723 1230 1781 1274 Et

294 1295 371 1352 qui
402 1296 623 1338 universae
649 1297 942 1339 humanitatis
978 1297 1252 1355 negligentia
1278 1298 1386 1355 quin
1415 1299 1639 1342 misereris
1673 1303 1780 1342 tunc

284 1363 466 1405 obstrui
494 1379 581 1405 non
608 1369 801 1421 poteras,
835 1365 997 1406 mirum
1034 1381 1122 1407 non
1163 1366 1200 1407 si
1239 1381 1339 1423 erga
1381 1382 1538 1420 unum,
1574 1367 1780 1425 quamvis

296 1432 536 1474 enormiter
558 1438 853 1490 peccatorem,
882 1433 1224 1475 miserabundus
1244 1434 1427 1477 existas.
1464 1435 1566 1476 Non
1588 1450 1779 1493 'possum

294 1499 439 1541 dicere
478 1500 598 1558 quod
635 1500 810 1542 facilius
843 1500 1032 1558 singulis
1067 1501 1334 1553 miserearis,
1379 1518 1515 1561 quam
1553 1502 1776 1557 omnibus,

293 1583 395 1609 cum
420 1567 657 1625 utrobique
678 1568 759 1610 tibi
779 1574 954 1611 constet
977 1569 1023 1611 in
1049 1569 1174 1611 nullo
1195 1570 1352 1612 clauda
1367 1569 1388 1596 Ι)
1406 1570 1596 1613 facilitas
1625 1583 1634 1614 ε
1660 1570 1780 1613 facili

294 1636 413 1677 enim
433 1636 608 1678 facilius
638 1636 868 1694 quippiam
900 1636 1018 1694 apud
1037 1641 1081 1679 te
1107 1652 1198 1679 non
1225 1643 1307 1680 est.
1344 1639 1463 1680 Fons
1492 1653 1592 1680 cum
1620 1638 1698 1692 sis,
1723 1631 1780 1682 'et

295 1719 397 1745 cum
437 1705 556 1762 quod
595 1717 776 1746 emanas
804 1705 1012 1746 omnibus
1047 1704 1226 1759 debeas,
1251 1706 1397 1786 plane
1426 1706 1545 1763 quod
1577 1707 1777 1749 omnium

295 1777 363 1814 est
381 1772 572 1828 singulis
597 1788 686 1814 non
706 1772 960 1830 praecludis.

355 1840 540 1898 Semper
559 1856 664 1897 ergo
690 1855 897 1897 peccans,
925 1846 970 1883 et
1001 1841 1118 1883 inter
1151 1841 1429 1898 peccandum
1453 1857 1628 1900 semper
1646 1842 1703 1885 ad
1732 1847 1778 1886 te

292 1908 483 1961 rediens,
514 1924 570 1950 an
593 1908 655 1966 pii
687 1908 838 1965 fugaX,
868 1908 1049 1966 piumve
1082 1909 1306 1962 deserens,
1343 1925 1443 1951 cum
1484 1910 1540 1952 ad
1565 1910 1779 1967 pietatem

292 1992 532 2029 recurrero,
553 1976 710 2033 perdet
727 1977 871 2033 pietas
894 1977 1013 2034 quod
1038 1982 1122 2029 est,
1147 1982 1190 2019 et
1220 1978 1370 2032 etiam,
1397 1978 1640 2020 offensione
1661 1978 1777 2021 mul—

291 2044 435 2101 tiplici
459 2044 634 2098 obruta,
661 2044 915 2087 invenietur
938 2045 1172 2088 insolens?
1199 2045 1359 2087 Nonne
1374 2045 1456 2088 tibi
1479 2045 1656 2099 dicitur,
1674 2046 1778 2104 quia

291 2127 382 2154 non
398 2113 647 2154 continebis
668 2113 714 2154 in
734 2113 796 2155 ira
809 2117 884 2154 tua
905 2113 1233 2155 misericordias
1251 2113 1378 2156 tu382
1391 2113 1412 2158 Ἰ
1427 2115 1518 2156 Has
1532 2129 1622 2156 non
1642 2114 1776 2156 modo

292 2180 337 2221 in
365 2181 590 2238 praesenti,
615 2181 693 2222 sed
721 2183 766 2224 in
790 2185 1007 2222 aeternum
1043 2180 1214 2223 futuras
1237 2181 1355 2223 idem
1389 2186 1552 2225 cantat.
1589 2182 1655 2224 Tu
1689 2182 1777 2224 scis

292 2249 396 2306 quia
443 2264 532 2290 non
573 2249 672 2290 ideo
707 2264 858 2306 pecco,
899 2248 1018 2307 quod
1040 2254 1084 2291 te
1126 2249 1458 2292 misericordem
1490 2250 1652 2303 sentio,
1698 2250 1776 2292 sed

293 2331 445 2358 secure
469 2317 678 2374 profiteor
700 2322 743 2359 te
770 2317 870 2359 ideo
888 2316 1215 2359 misericordem
1245 2317 1347 2370 dici,
1374 2318 1494 2375 quod
1519 2318 1581 2360 sis
1599 2317 1776 2360 veniam

331 2438 361 2460 a.
382 2428 453 2459 ιἰηό
476 2428 519 2459 D.
534 2428 732 2460 -b.C01=r.
754 2429 796 2460 de
812 2429 854 2459 D.
875 2428 1022 2460 claudas
1043 2429 1082 2460 B.

333 2568 362 2596 1.
388 2564 495 2596 Liber·
514 2564 725 2605 Sapientiae,
737 2565 868 2604 XVIII,
887 2567 940 2596 14-
943 2568 1006 2596 15:
1028 2565 1148 2596 «Cum
1173 2565 1267 2596 enim
1290 2566 1449 2606 quietum
1467 2566 1646 2598 silentium
1659 2565 1775 2597 conti-

291 2607 393 2637 neret
411 2607 540 2645 omnia,
559 2609 595 2637 et
610 2616 679 2637 nox
699 2606 734 2636 in
759 2616 824 2637 suo
851 2616 958 2636 cursu
975 2578 1212 2638 me‘diumitffl
1231 2606 1390 2646 haberet,
1406 2607 1631 2648 omnipotens
1657 2617 1774 2638 sermo

293 2650 375 2678 tuus
394 2648 436 2678 de
448 2648 539 2678 toelo
558 2658 577 2678 a
594 2647 773 2687 regalibus
793 2647 950 2687 sedibus,
975 2649 1086 2678 durus
1109 2648 1309 2679 debellator
1334 2648 1369 2679 in
1396 2649 1548 2680 mediam
1572 2649 1774 2680 exterminii

291 2691 421 2720 teriam
444 2689 626 2720 ›rosilivit.

333 2734 362 2761 2.
388 2730 428 2760 Li
455 2740 494 2761 er
511 2702 660 2768 Psalm,
676 2729 834 2768 LXXVI,
851 2733 909 2760 10·
903 2754 909 2759 .
930 2731 1038 2761 «Aut
1056 2730 1291 2762 obliviscetur
1307 2731 1468 2763 misereri
1484 2731 1592 2771 Deus,
1605 2732 1667 2762 aut
1684 2740 1771 2762 con-

290 2771 422 2802 tinebit
439 2771 474 2802 in
491 2772 541 2802 ira
557 2782 620 2802 sua
636 2772 897 2802 misericordias
915 2781 1006 2802 suas.
1030 2784 1043 2799 υ
