1930 3224
273 259 328 301 88
682 275 776 303 VEN.
814 275 1003 303 (lUlBERTl
1040 277 1145 305 VITAE
1178 277 1298 304 LIBER
1331 277 1342 305 Ι

270 371 442 413 fueram
474 373 719 429 digressus.
760 374 891 415 Mane
924 374 1136 431 quodam,
1176 389 1265 431 quo
1296 375 1423 417 fieret
1453 372 1763 433 tempestuosa

271 441 528 494 commotio,
554 441 609 482 ad
632 441 776 498 majus
801 441 940 483 altare
960 442 1175 484 letanias⁸
1195 443 1420 484 cantaturi
1433 448 1760 500 processerant.

275 508 323 549 In
360 508 493 550 choro
529 509 664 561 enim,
700 509 745 550 in
776 524 864 566 quo
899 509 1092 565 primum
1119 510 1355 563 ceciderat,
1398 510 1643 554 subsistere
1673 526 1764 554 non

274 576 513 628 audebant,
544 592 645 617 cum
673 576 820 618 subito
840 577 1020 619 flamma
1045 593 1238 634 superna
1261 578 1365 631 ruit,
1396 583 1455 631 et,
1485 578 1616 621 sicuti
1635 579 1667 622 ii
1686 578 1764 638 qui

274 643 423 684 videre
469 644 621 686 testati
655 649 774 695 sunt,
807 660 948 701 usque
991 645 1046 686 ad
1082 645 1234 688 altaris
1269 646 1539 703 crepidinem
1578 647 1763 689 descen-

273 711 417 752 dendo
433 711 468 757 ¹²,
500 712 733 754 circuitum
760 713 856 770 ejus
884 717 997 755 tetra
1025 713 1080 754 ad
1112 714 1339 770 sulphuris
1366 714 1508 756 instar
1538 714 1778 772 implevitm

274 779 462 820 Cuidam
500 781 716 822 monacho
755 780 1016 837 presbytero
1064 781 1217 822 oculos
1252 781 1314 823 ibi
1348 781 1550 835 obduxit,
1585 781 1762 824 duobus

273 847 422 903 pueris
440 847 495 888 ad
517 848 671 889 altaris
692 848 943 905 pedaneum
969 849 1111 906 capita
1137 849 1420 902 habentibus,
1453 865 1502 891 ac
1524 850 1762 906 prostratis

274 915 482 972 (quorum
526 915 653 968 alter,
699 931 751 957 ex
788 916 942 958 ‚ludaeo
973 932 1217 959 conversus
1240 917 1269 969 ¹,
1303 917 1382 958 sed
1419 916 1765 974 praecordialiter

271 983 416 1024 {idelis
437 983 565 1041 erat),
590 983 645 1024 ab
671 984 800 1025 altari
821 984 1027 1037 sublatis,
1054 985 1297 1042 proculque
1322 985 1553 1026 translatis
1568 992 1598 1037 ⁰,
1625 985 1763 1042 pedes

274 1066 393 1092 aram
415 1066 589 1104 versus,
611 1057 754 1109 caput⁸
772 1052 826 1093 ab
848 1052 1032 1094 absided
1056 1052 1287 1109 parietem,
1311 1053 1422 1109 ipsis
1439 1052 1761 1106 nescientibus,

273 1123 422 1160 motus
445 1119 520 1161 ille
547 1121 782 1162 convertit.
811 1121 978 1162 Arcam
1000 1121 1032 1173 2,
1055 1136 1153 1177 quae
1171 1125 1273 1177 post
1293 1121 1431 1162 altare
1455 1125 1658 1177 erat,per
1670 1121 1767 1163 loca

272 1185 512 1228 debilitans
534 1187 702 1229 fulmen
724 1188 911 1240 introiit,
927 1189 1150 1246 planetam
1167 1204 1264 1245 quae
1285 1188 1553 1245 preciosiore
1578 1187 1765 1246 putaba-

273 1259 362 1307 tur,
380 1248 481 1297 cum
501 1271 604 1313 pars
620 1256 811 1312 plurima
838 1256 900 1298 ibi
925 1257 1121 1299 thesauri
1142 1261 1262 1298 esset
1276 1256 1490 1309 ecclesiae,
1511 1257 1654 1298 solam
1675 1255 1761 1298 fide

275 1323 500 1380 corrupit3
530 1324 658 1381 cujus
682 1325 775 1366 haec
803 1324 1004 1366 miranda
1026 1325 1138 1366 ratio
1156 1329 1252 1367 est:

332 1391 374 1432 A
406 1406 508 1448 rege
541 1392 810 1448 Anglorum,
850 1392 944 1434 viro
986 1408 1169 1450 prorsus
1195 1392 1448 1449 illegitimo,
1483 1396 1529 1434 et
1563 1391 1763 1434 ecelesiis

271 1458 462 1512 infenso,
491 1460 566 1517 qui
594 1459 754 1512 Rufus,
787 1460 908 1518 quod
926 1465 970 1502 et
996 1465 1106 1513 erat,
1138 1460 1540 1516 cognominabatur
1561 1460 1609 1511 3,.
1627 1474 1761 1518 quem

274 1527 410 1580 Deus,
446 1528 515 1569 sui
559 1528 702 1585 ipsius
731 1528 888 1570 amasii
930 1529 1110 1585 sagitta,
1148 1529 1255 1570 dum
1293 1533 1548 1581 venaretur,
1581 1523 1759 1580 occidit,

271 1596 448 1651 planeta
476 1596 572 1653 ipsa
597 1611 652 1637 ex
675 1597 854 1637 nomine
874 1596 1013 1653 petita
1037 1601 1119 1638 est.
1154 1596 1239 1647 Qui
1267 1596 1471 1654 proprios
1495 1611 1596 1638 cum
1622 1595 1764 1637 nollet

272 1663 506 1705 exhaurire
528 1665 778 1716 thesauros,
798 1665 1066 1706 monachum
1089 1664 1223 1721 hujus
1243 1664 1305 1706 rei
1327 1667 1612 1706 executorem
1626 1663 1764 1706 desti-

272 1731 396 1773 navit
431 1732 486 1773 ad
519 1731 726 1774 abbatem
761 1732 1020 1774 monasterii
1055 1733 1175 1789 quod
1214 1731 1458 1774 vocabatur
1493 1732 1548 1774 de
1583 1731 1710 1774 Bello
1729 1730 1761 1782 4,

272 1799 490 1840 mandans
529 1800 585 1851 ei,
626 1804 675 1841 ut
710 1799 964 1857 quindecim
995 1815 1166 1842 marcas
1205 1799 1379 1857 argenti
1419 1799 1506 1857 ipsi
1546 1797 1764 1841 monacho

271 1866 411 1909 daret.
438 1867 614 1909 Abbate
648 1883 751 1909 vero
776 1873 1007 1920 renuente,
1031 1883 1109 1925 per
1145 1867 1263 1925 regis
1290 1867 1551 1909 violentiam
1585 1881 1763 1910 monas-

270 1934 369 1975 terii
392 1936 539 1991 pracda
556 1935 763 1987 abducta,
783 1941 827 1977 et
847 1952 951 1977 mox
974 1936 1136 1977 marcis
1152 1935 1425 1992 quindecim,
1449 1934 1587 1977 vellet
1600 1934 1758 1988 nollet,

269 2002 325 2043 ab
367 2003 523 2044 eodem
550 2003 710 2045 abbate
735 2008 803 2059 est
831 2004 1075 2060 redempta.
1114 2003 1221 2045 Inde
1251 2003 1483 2059 sacrilega,
1506 2001 1762 2059 immosper

270 2071 542 2128 sacrilegas-‘s
549 2072 679 2128 plane
687 2077 729 2113 ta
743 2076 867 2113 tanta
880 2077 948 2113 est
961 2072 1095 2113 etiam
1111 2071 1262 2113 fraude
1273 2075 1492 2128 coempta,
1507 2085 1588 2112 nec
1599 2069 1761 2112 minori

310 2192 341 2213 a.
367 2182 524 2214 Limnias·
539 2183 623 2214 D.-
639 2183 673 2214 Ι).
694 2183 933 2214 densescendo
952 2184 978 2213 Β
996 2193 1039 2214 cn
1058 2183 1248 2222 interligne
1269 2183 1317 2224 (et
1334 2181 1436 2223 D).-—
1449 2191 1479 2213 c.
1501 2180 1692 2213 transactis
1712 2180 1756 2212 D.

268 2242 308 2245 —
331 2224 364 2254 d.
387 2224 485 2254 Corr.
513 2225 555 2254 (le
583 2225 608 2255 B
632 2225 680 2263 (et
701 2224 757 2266 D).
781 2224 871 2264 afide
897 2225 940 2256 X.
960 2243 999 2248 —
1022 2235 1050 2255 e.
1074 2223 1273 2266 pretiosior
1299 2224 1342 2255 D.
1371 2241 1412 2246 —
1436 2222 1464 2263 f.
1490 2222 1560 2254 ἰιηὸ
1589 2223 1633 2254 D.
1656 2240 1698 2245 —-
1720 2232 1758 2265 9.

269 2265 464 2306 sacrileyos
482 2266 509 2296 B
527 2266 574 2306 (et
593 2266 651 2306 D).

313 2444 340 2471 Ἰ.
369 2440 396 2470 11
414 2438 468 2471 cst
487 2440 650 2480 question
675 2450 804 2470 encore
823 2440 906 2470 d'un
920 2441 993 2480 juif
1010 2440 1185 2472 convert-i.
1205 2440 1227 2471 l.
1249 2439 1292 2478 11,
1312 2449 1342 2470 c.
1360 2450 1392 2470 v.
1416 2439 1444 2470 Il
1462 2439 1564 2479 s'agit
1582 2438 1762 2479 peut-atre

269 2482 313 2511 ici
332 2482 378 2511 (lu
398 2482 511 2512 nieme
530 2491 764 2521 pcrsonnage.

309 2527 338 2553 2.
364 2523 466 2553 Cettc
495 2523 712 2562 disposition
739 2524 801 2553 dcs
830 2523 1054 2554 tabcrnaelcs
1082 2524 1137 2553 est
1164 2522 1351 2563 frequente
1375 2522 1426 2562 (C.
1455 2521 1592 2560 Enlart,
1618 2520 1761 2556 Manuel

268 2563 476 2601 d‘a1·‹·he'ol.,
494 2566 519 2595 t.
540 2563 566 2599 1,
590 2574 611 2603 p
644 2565 724 2594 13⁸&

309 2609 337 2635 3.
365 2605 569 2636 Guillaumc
589 2606 620 2636 lc
641 2585 752 2643 Ronix,
770 2605 823 2635 fils
839 2606 882 2635 de
899 2606 1103 2636 Guillaumc
1119 2605 1151 2635 le
1168 2604 1407 2644 Conqudrant,
1426 2603 1480 2634 roi
1495 2603 1758 2644 d'Angleterre,

268 2649 450 2676 1087-1100
474 2647 670 2684 (Frccman,
696 2646 766 2677 The
785 2646 888 2687 rcigsn
907 2647 949 2686 of
966 2646 1126 2677 William
1144 2645 1271 2685 Rufus,
1288 2645 1436 2683 Oxford,
1452 2646 1543 2682 1880,
1559 2647 1576 2674 2
1601 2644 1703 2685 in-S).

314 2690 335 2718 i.
362 2688 565 2718 Monastcoe
581 2688 623 2718 dc
641 2688 890 2718 Saint-Martin
909 2688 951 2718 de
969 2688 1070 2718 Bello
1088 2697 1133 2718 ou
1152 2687 1429 2727 Battle-Abbey,
1448 2685 1557 2717 fonde
1574 2695 1638 2725 par
1655 2685 1758 2721 Guilss-

268 2729 383 2759 launic
413 2729 445 2759 lc
475 2729 704 2769 Conquerant
734 2739 776 2759 cn
805 2729 974 2758 souvcnir
1000 2730 1043 2759 (lc
1076 2739 1113 2758 sa
1137 2729 1286 2759 victoire
1311 2738 1371 2758 sur
1394 2727 1531 2758 Harold
1554 2726 1672 2767 (1066).
1704 2726 1757 2757 Cs.

266 2770 398 2800 Clu-on.
420 2772 569 2801 monast.
587 2770 629 2800 dc
657 2770 768 2807 Bello,
792 2771 880 2800 (lans
912 2769 1043 2811 Anngin
1071 2770 1195 2800 chrisi.
1229 2779 1314 2807 soc.,
1345 2771 1369 2800 t.
1399 2768 1443 2806 11,
1466 2768 1638 2807 Londres‚
1663 2770 1754 2807 1846,

268 2817 349 2842 ιιι-κ.
