<?xml version="1.0" encoding="UTF-8"?>
<!DOCTYPE html PUBLIC "-//W3C//DTD XHTML 1.0 Transitional//EN"
    "http://www.w3.org/TR/xhtml1/DTD/xhtml1-transitional.dtd">
<html xmlns="http://www.w3.org/1999/xhtml" xml:lang="en" lang="en">
 <head>
  <title>
</title>
<meta http-equiv="Content-Type" content="text/html;charset=utf-8" />
  <meta name='ocr-system' content='tesseract 3.04.00' />
  <meta name='ocr-capabilities' content='ocr_page ocr_carea ocr_par ocr_line ocrx_word'/>
</head>
<body>
  <div class='ocr_page' id='page_1' title='image "./histoiredesavie100guibuoft_0203.png"; bbox 0 0 1930 3224; ppageno 0'>
   <div class='ocr_carea' id='block_1_1' title="bbox 556 475 1240 547">
    <p class='ocr_par' dir='ltr' id='par_1_1' title="bbox 556 475 1240 547">
     <span class='ocr_line' id='line_1_1' title="bbox 556 475 1240 547; baseline 0 -18"><span class='ocrx_word' id='word_1_1' title='bbox 556 475 808 547; x_wconf 83' lang='lat' dir='ltr'>[LIBER</span> <span class='ocrx_word' id='word_1_2' title='bbox 885 476 1240 547; x_wconf 77' lang='lat' dir='ltr'>TERTIUS]</span> 
     </span>
    </p>
   </div>
   <div class='ocr_carea' id='block_1_2' title="bbox 636 698 1159 758">
    <p class='ocr_par' dir='ltr' id='par_1_2' title="bbox 636 698 1159 758">
     <span class='ocr_line' id='line_1_2' title="bbox 636 698 1159 758; baseline 0.004 -16"><span class='ocrx_word' id='word_1_3' title='bbox 636 698 857 757; x_wconf 81' lang='lat' dir='ltr'>[CAPUT</span> <span class='ocrx_word' id='word_1_4' title='bbox 890 699 1159 758; x_wconf 79' lang='lat' dir='ltr'>PRIMUM]</span> 
     </span>
    </p>
   </div>
   <div class='ocr_carea' id='block_1_3' title="bbox 0 0 432 923">
    <p class='ocr_par' dir='ltr' id='par_1_3' title="bbox 0 0 432 923">
     <span class='ocr_line' id='line_1_3' title="bbox 0 0 432 923; baseline 0 0"><span class='ocrx_word' id='word_1_5' title='bbox 0 0 432 923; x_wconf 95' lang='lat' dir='ltr'>   </span> 
     </span>
    </p>
   </div>
   <div class='ocr_carea' id='block_1_4' title="bbox 144 823 1653 1027">
    <p class='ocr_par' dir='ltr' id='par_1_4' title="bbox 144 823 1653 1027">
     <span class='ocr_line' id='line_1_4' title="bbox 206 823 1653 890; baseline 0 -16"><span class='ocrx_word' id='word_1_6' title='bbox 206 830 275 875; x_wconf 86' lang='lat' dir='ltr'>De</span> <span class='ocrx_word' id='word_1_7' title='bbox 313 823 708 885; x_wconf 83' lang='lat' dir='ltr'>Laudunensibus,</span> <span class='ocrx_word' id='word_1_8' title='bbox 744 836 796 874; x_wconf 89' lang='lat' dir='ltr'>ut</span> <span class='ocrx_word' id='word_1_9' title='bbox 831 831 1159 890; x_wconf 87' lang='lat' dir='ltr'>spopondimus</span> <span class='ocrx_word' id='word_1_10' title='bbox 1181 831 1211 884; x_wconf 84' lang='lat'>¹,</span> <span class='ocrx_word' id='word_1_11' title='bbox 1239 831 1335 889; x_wconf 82' lang='lat' dir='ltr'>jam</span> <span class='ocrx_word' id='word_1_12' title='bbox 1372 831 1504 874; x_wconf 91' lang='lat' dir='ltr'>modo</span> <span class='ocrx_word' id='word_1_13' title='bbox 1536 836 1653 874; x_wconf 84' lang='lat' dir='ltr'>trac-</span> 
     </span>
     <span class='ocr_line' id='line_1_5' title="bbox 144 898 1652 958; baseline -0.001 -15"><span class='ocrx_word' id='word_1_14' title='bbox 144 898 301 955; x_wconf 77' lang='lat' dir='ltr'>taturi,</span> <span class='ocrx_word' id='word_1_15' title='bbox 333 898 426 942; x_wconf 90' lang='lat' dir='ltr'>imo</span> <span class='ocrx_word' id='word_1_16' title='bbox 463 898 834 942; x_wconf 81' lang='lat' dir='ltr'>Laudunensium</span> <span class='ocrx_word' id='word_1_17' title='bbox 870 899 1118 958; x_wconf 81' lang='lat' dir='ltr'>tragoedias</span> <span class='ocrx_word' id='word_1_18' title='bbox 1147 900 1306 953; x_wconf 86' lang='lat' dir='ltr'>acturi,</span> <span class='ocrx_word' id='word_1_19' title='bbox 1344 900 1546 958; x_wconf 88' lang='lat' dir='ltr'>primum</span> <span class='ocrx_word' id='word_1_20' title='bbox 1582 905 1652 943; x_wconf 91' lang='lat' dir='ltr'>est</span> 
     </span>
     <span class='ocr_line' id='line_1_6' title="bbox 145 959 1651 1027; baseline -0.001 -15"><span class='ocrx_word' id='word_1_21' title='bbox 145 966 294 1012; x_wconf 84' lang='lat' dir='ltr'>dicere</span> <span class='ocrx_word' id='word_1_22' title='bbox 343 967 485 1011; x_wconf 84' lang='lat' dir='ltr'>totius</span> <span class='ocrx_word' id='word_1_23' title='bbox 534 959 652 1010; x_wconf 78' lang='lat' dir='ltr'>¹mali</span> <span class='ocrx_word' id='word_1_24' title='bbox 709 968 931 1027; x_wconf 85' lang='lat' dir='ltr'>originem</span> <span class='ocrx_word' id='word_1_25' title='bbox 988 984 1045 1024; x_wconf 69' lang='lat' dir='ltr'>ex</span> <span class='ocrx_word' id='word_1_26' title='bbox 1084 969 1374 1026; x_wconf 87' lang='lat' dir='ltr'>pontificum,</span> <span class='ocrx_word' id='word_1_27' title='bbox 1423 973 1475 1011; x_wconf 89' lang='lat' dir='ltr'>ut</span> <span class='ocrx_word' id='word_1_28' title='bbox 1519 968 1651 1011; x_wconf 90' lang='lat' dir='ltr'>nobis</span> 
     </span>
    </p>
   </div>
   <div class='ocr_carea' id='block_1_5' title="bbox 39 1026 1652 1094">
    <p class='ocr_par' dir='ltr' id='par_1_5' title="bbox 39 1026 1652 1094">
     <span class='ocr_line' id='line_1_7' title="bbox 39 1026 1652 1094; baseline -0.001 -14"><span class='ocrx_word' id='word_1_29' title='bbox 39 1026 86 1070; x_wconf 29' lang='lat'>&#39;5-</span> <span class='ocrx_word' id='word_1_30' title='bbox 143 1035 340 1090; x_wconf 84' lang='lat' dir='ltr'>videtur,</span> <span class='ocrx_word' id='word_1_31' title='bbox 377 1036 752 1094; x_wconf 82' lang='lat' dir='ltr'>perversitatibus</span> <span class='ocrx_word' id='word_1_32' title='bbox 792 1037 1045 1082; x_wconf 87' lang='lat' dir='ltr'>emersisse.</span> <span class='ocrx_word' id='word_1_33' title='bbox 1076 1037 1187 1090; x_wconf 75' lang='lat' dir='ltr'>Quae</span> <span class='ocrx_word' id='word_1_34' title='bbox 1209 1046 1226 1064; x_wconf 62' lang='grc' dir='ltr'>ἃ</span> <span class='ocrx_word' id='word_1_35' title='bbox 1264 1053 1369 1080; x_wconf 87' lang='lat' dir='ltr'>cum</span> <span class='ocrx_word' id='word_1_36' title='bbox 1396 1037 1652 1080; x_wconf 85' lang='lat' dir='ltr'>diuturnior</span> 
     </span>
    </p>
   </div>
   <div class='ocr_carea' id='block_1_6' title="bbox 0 923 70 3224">
    <p class='ocr_par' dir='ltr' id='par_1_6' title="bbox 0 923 70 3224">
     <span class='ocr_line' id='line_1_8' title="bbox 0 923 70 3224; baseline 0 0"><span class='ocrx_word' id='word_1_37' title='bbox 0 923 70 3224; x_wconf 95' lang='lat' dir='ltr'> </span> 
     </span>
    </p>
   </div>
   <div class='ocr_carea' id='block_1_7' title="bbox 140 1104 1651 1645">
    <p class='ocr_par' dir='ltr' id='par_1_7' title="bbox 140 1104 1651 1645">
     <span class='ocr_line' id='line_1_9' title="bbox 143 1104 1650 1164; baseline 0 -15"><span class='ocrx_word' id='word_1_38' title='bbox 143 1105 278 1164; x_wconf 85' lang='lat' dir='ltr'>longe</span> <span class='ocrx_word' id='word_1_39' title='bbox 310 1104 528 1159; x_wconf 78' lang='lat' dir='ltr'>extiterit,</span> <span class='ocrx_word' id='word_1_40' title='bbox 558 1105 616 1148; x_wconf 86' lang='lat' dir='ltr'>ab</span> <span class='ocrx_word' id='word_1_41' title='bbox 649 1106 866 1149; x_wconf 91' lang='lat' dir='ltr'>Ascelino</span> <span class='ocrx_word' id='word_1_42' title='bbox 911 1106 989 1164; x_wconf 90' lang='lat' dir='ltr'>qui</span> <span class='ocrx_word' id='word_1_43' title='bbox 1026 1106 1164 1148; x_wconf 82' lang='lat' dir='ltr'>etiam</span> <span class='ocrx_word' id='word_1_44' title='bbox 1195 1106 1424 1149; x_wconf 84' lang='lat' dir='ltr'>Adalbero</span> <span class='ocrx_word' id='word_1_45' title='bbox 1457 1105 1650 1149; x_wconf 81' lang='lat' dir='ltr'>vocaba-</span> 
     </span>
     <span class='ocr_line' id='line_1_10' title="bbox 142 1173 1650 1233; baseline 0 -16"><span class='ocrx_word' id='word_1_46' title='bbox 142 1177 232 1228; x_wconf 87' lang='lat' dir='ltr'>tur,</span> <span class='ocrx_word' id='word_1_47' title='bbox 255 1173 361 1217; x_wconf 84' lang='lat' dir='ltr'>huic</span> <span class='ocrx_word' id='word_1_48' title='bbox 386 1174 510 1232; x_wconf 81' lang='lat' dir='ltr'>operi</span> <span class='ocrx_word' id='word_1_49' title='bbox 537 1175 779 1217; x_wconf 81' lang='lat' dir='ltr'>attexenda</span> <span class='ocrx_word' id='word_1_50' title='bbox 798 1175 1029 1233; x_wconf 41' lang='lat' dir='ltr'>putatur&amp;</span> <span class='ocrx_word' id='word_1_51' title='bbox 1055 1176 1114 1228; x_wconf 92' lang='lat' dir='ltr'>ls,</span> <span class='ocrx_word' id='word_1_52' title='bbox 1130 1175 1197 1217; x_wconf 92' lang='lat' dir='ltr'>uti</span> <span class='ocrx_word' id='word_1_53' title='bbox 1215 1179 1498 1233; x_wconf 89' lang='lat' dir='ltr'>compertum</span> <span class='ocrx_word' id='word_1_54' title='bbox 1518 1175 1650 1217; x_wconf 90' lang='lat' dir='ltr'>nobis</span> 
     </span>
     <span class='ocr_line' id='line_1_11' title="bbox 143 1242 1650 1302; baseline -0.001 -16"><span class='ocrx_word' id='word_1_55' title='bbox 143 1246 229 1296; x_wconf 88' lang='lat' dir='ltr'>est,</span> <span class='ocrx_word' id='word_1_56' title='bbox 268 1258 324 1286; x_wconf 87' lang='lat' dir='ltr'>ex</span> <span class='ocrx_word' id='word_1_57' title='bbox 358 1242 651 1300; x_wconf 84' lang='lat' dir='ltr'>Lotharingia</span> <span class='ocrx_word' id='word_1_58' title='bbox 687 1243 919 1297; x_wconf 88' lang='lat' dir='ltr'>oriundus,</span> <span class='ocrx_word' id='word_1_59' title='bbox 956 1243 1085 1286; x_wconf 87' lang='lat' dir='ltr'>di-ves</span> <span class='ocrx_word' id='word_1_60' title='bbox 1117 1259 1270 1301; x_wconf 87' lang='lat' dir='ltr'>opum,</span> <span class='ocrx_word' id='word_1_61' title='bbox 1308 1243 1650 1302; x_wconf 90' lang='lat' dir='ltr'>possessionum</span> 
     </span>
     <span class='ocr_line' id='line_1_12' title="bbox 142 1310 1645 1370; baseline -0.001 -16"><span class='ocrx_word' id='word_1_62' title='bbox 142 1310 488 1370; x_wconf 63' lang='lat' dir='ltr'>locuples,‡0um</span> <span class='ocrx_word' id='word_1_63' title='bbox 511 1311 741 1355; x_wconf 81' lang='lat' dir='ltr'>distractis</span> <span class='ocrx_word' id='word_1_64' title='bbox 764 1312 976 1355; x_wconf 92' lang='lat' dir='ltr'>omnibus</span> <span class='ocrx_word' id='word_1_65' title='bbox 995 1312 1138 1370; x_wconf 84' lang='lat' dir='ltr'>pretia</span> <span class='ocrx_word' id='word_1_66' title='bbox 1162 1312 1364 1370; x_wconf 82' lang='lat' dir='ltr'>ingentia</span> <span class='ocrx_word' id='word_1_67' title='bbox 1391 1312 1447 1354; x_wconf 82' lang='lat' dir='ltr'>ad</span> <span class='ocrx_word' id='word_1_68' title='bbox 1475 1312 1645 1364; x_wconf 89' lang='lat' dir='ltr'>sedem,</span> 
     </span>
     <span class='ocr_line' id='line_1_13' title="bbox 141 1379 1651 1439; baseline -0.001 -15"><span class='ocrx_word' id='word_1_69' title='bbox 141 1379 215 1424; x_wconf 82' lang='lat' dir='ltr'>cui</span> <span class='ocrx_word' id='word_1_70' title='bbox 242 1384 447 1438; x_wconf 84' lang='lat' dir='ltr'>praeerat,</span> <span class='ocrx_word' id='word_1_71' title='bbox 471 1380 797 1434; x_wconf 83' lang='lat' dir='ltr'>transtulisset,</span> <span class='ocrx_word' id='word_1_72' title='bbox 829 1380 1068 1423; x_wconf 87' lang='lat' dir='ltr'>ecclesiam</span> <span class='ocrx_word' id='word_1_73' title='bbox 1102 1396 1234 1423; x_wconf 87' lang='lat' dir='ltr'>suam</span> <span class='ocrx_word' id='word_1_74' title='bbox 1276 1380 1518 1439; x_wconf 68' lang='lat' dir='ltr'>praecipuis</span> <span class='ocrx_word' id='word_1_75' title='bbox 1551 1380 1651 1439; x_wconf 90' lang='lat' dir='ltr'>qui-</span> 
     </span>
     <span class='ocr_line' id='line_1_14' title="bbox 141 1448 1645 1507; baseline -0.001 -14"><span class='ocrx_word' id='word_1_76' title='bbox 141 1449 245 1493; x_wconf 88' lang='lat' dir='ltr'>dem</span> <span class='ocrx_word' id='word_1_77' title='bbox 275 1448 512 1493; x_wconf 89' lang='lat' dir='ltr'>ornatibus</span> <span class='ocrx_word' id='word_1_78' title='bbox 543 1449 796 1507; x_wconf 84' lang='lat' dir='ltr'>insignivit,</span> <span class='ocrx_word' id='word_1_79' title='bbox 840 1450 959 1492; x_wconf 86' lang='lat' dir='ltr'>clero</span> <span class='ocrx_word' id='word_1_80' title='bbox 996 1465 1048 1492; x_wconf 87' lang='lat' dir='ltr'>ac</span> <span class='ocrx_word' id='word_1_81' title='bbox 1073 1449 1307 1507; x_wconf 88' lang='lat' dir='ltr'>pontificio</span> <span class='ocrx_word' id='word_1_82' title='bbox 1333 1449 1466 1507; x_wconf 84' lang='lat' dir='ltr'>plura</span> <span class='ocrx_word' id='word_1_83' title='bbox 1501 1449 1645 1502; x_wconf 85' lang='lat' dir='ltr'>auxit,</span> 
     </span>
     <span class='ocr_line' id='line_1_15' title="bbox 141 1517 1648 1576; baseline -0.001 -15"><span class='ocrx_word' id='word_1_84' title='bbox 141 1517 223 1561; x_wconf 84' lang='lat' dir='ltr'>sed</span> <span class='ocrx_word' id='word_1_85' title='bbox 249 1521 412 1561; x_wconf 89' lang='lat' dir='ltr'>cuncta</span> <span class='ocrx_word' id='word_1_86' title='bbox 434 1517 512 1561; x_wconf 86' lang='lat' dir='ltr'>illa</span> <span class='ocrx_word' id='word_1_87' title='bbox 533 1517 751 1561; x_wconf 80' lang='lat' dir='ltr'>beneficia</span> <span class='ocrx_word' id='word_1_88' title='bbox 769 1518 967 1576; x_wconf 81' lang='lat' dir='ltr'>quadam</span> <span class='ocrx_word' id='word_1_89' title='bbox 996 1518 1371 1576; x_wconf 61' lang='lat' dir='ltr'>praestantissima</span> <span class='ocrx_word' id='word_1_90' title='bbox 1407 1518 1648 1576; x_wconf 84' lang='lat' dir='ltr'>iniquitate</span> 
     </span>
     <span class='ocr_line' id='line_1_16' title="bbox 140 1585 1645 1645; baseline -0.001 -16"><span class='ocrx_word' id='word_1_91' title='bbox 140 1585 412 1631; x_wconf 64' lang='lat' dir='ltr'>foedavitl‘3.</span> <span class='ocrx_word' id='word_1_92' title='bbox 454 1586 575 1640; x_wconf 92' lang='lat' dir='ltr'>Quid</span> <span class='ocrx_word' id='word_1_93' title='bbox 603 1587 723 1629; x_wconf 91' lang='lat' dir='ltr'>enim</span> <span class='ocrx_word' id='word_1_94' title='bbox 756 1587 966 1645; x_wconf 91' lang='lat' dir='ltr'>nequius,</span> <span class='ocrx_word' id='word_1_95' title='bbox 1008 1587 1116 1645; x_wconf 88' lang='lat' dir='ltr'>quid</span> <span class='ocrx_word' id='word_1_96' title='bbox 1152 1587 1238 1629; x_wconf 92' lang='lat' dir='ltr'>sibi</span> <span class='ocrx_word' id='word_1_97' title='bbox 1276 1586 1645 1644; x_wconf 86' lang='lat' dir='ltr'>ignominiosius,</span> 
     </span>
    </p>
   </div>
   <div class='ocr_carea' id='block_1_8' title="bbox 137 1698 1648 2075">
    <p class='ocr_par' dir='ltr' id='par_1_8' title="bbox 137 1698 1648 2075">
     <span class='ocr_line' id='line_1_17' title="bbox 181 1698 1648 1742; baseline -0.001 -10"><span class='ocrx_word' id='word_1_98' title='bbox 181 1709 215 1732; x_wconf 74' lang='lat' dir='ltr'>a.</span> <span class='ocrx_word' id='word_1_99' title='bbox 231 1699 383 1732; x_wconf 87' lang='lat' dir='ltr'>Lecture</span> <span class='ocrx_word' id='word_1_100' title='bbox 394 1699 572 1741; x_wconf 86' lang='lat' dir='ltr'>probable</span> <span class='ocrx_word' id='word_1_101' title='bbox 587 1699 632 1731; x_wconf 91' lang='lat' dir='ltr'>de</span> <span class='ocrx_word' id='word_1_102' title='bbox 643 1699 684 1731; x_wconf 91' lang='lat' dir='ltr'>B.</span> <span class='ocrx_word' id='word_1_103' title='bbox 700 1699 732 1730; x_wconf 95' lang='lat' dir='ltr'>D</span> <span class='ocrx_word' id='word_1_104' title='bbox 751 1700 917 1740; x_wconf 83' lang='lat' dir='ltr'>imprime</span> <span class='ocrx_word' id='word_1_105' title='bbox 932 1699 1000 1742; x_wconf 80' lang='lat' dir='ltr'>qui</span> <span class='ocrx_word' id='word_1_106' title='bbox 1016 1702 1054 1731; x_wconf 87' lang='lat' dir='ltr'>et</span> <span class='ocrx_word' id='word_1_107' title='bbox 1077 1699 1219 1740; x_wconf 85' lang='lat' dir='ltr'>corrige</span> <span class='ocrx_word' id='word_1_108' title='bbox 1233 1698 1320 1741; x_wconf 79' lang='lat' dir='ltr'>quia</span> <span class='ocrx_word' id='word_1_109' title='bbox 1337 1699 1385 1738; x_wconf 87' lang='lat' dir='ltr'>;·il</span> <span class='ocrx_word' id='word_1_110' title='bbox 1401 1709 1559 1740; x_wconf 86' lang='lat' dir='ltr'>suppose</span> <span class='ocrx_word' id='word_1_111' title='bbox 1578 1709 1648 1731; x_wconf 89' lang='lat' dir='ltr'>une</span> 
     </span>
     <span class='ocr_line' id='line_1_18' title="bbox 139 1740 1646 1782; baseline 0 -10"><span class='ocrx_word' id='word_1_112' title='bbox 139 1741 267 1773; x_wconf 81' lang='lat' dir='ltr'>laeune</span> <span class='ocrx_word' id='word_1_113' title='bbox 281 1743 385 1773; x_wconf 83' lang='lat' dir='ltr'>entre</span> <span class='ocrx_word' id='word_1_114' title='bbox 408 1741 460 1772; x_wconf 89' lang='lat' dir='ltr'>les</span> <span class='ocrx_word' id='word_1_115' title='bbox 474 1740 567 1772; x_wconf 82' lang='lat' dir='ltr'>deux</span> <span class='ocrx_word' id='word_1_116' title='bbox 582 1741 746 1782; x_wconf 81' lang='lat' dir='ltr'>phrases.</span> <span class='ocrx_word' id='word_1_117' title='bbox 770 1759 812 1764; x_wconf 89' lang='lat'>-—</span> <span class='ocrx_word' id='word_1_118' title='bbox 825 1741 861 1773; x_wconf 73' lang='lat'>1).</span> <span class='ocrx_word' id='word_1_119' title='bbox 881 1741 1036 1782; x_wconf 87' lang='lat' dir='ltr'>Passage</span> <span class='ocrx_word' id='word_1_120' title='bbox 1056 1741 1246 1782; x_wconf 86' lang='lat' dir='ltr'>reproduit</span> <span class='ocrx_word' id='word_1_121' title='bbox 1273 1741 1362 1772; x_wconf 85' lang='lat' dir='ltr'>dans</span> <span class='ocrx_word' id='word_1_122' title='bbox 1379 1740 1472 1772; x_wconf 78' lang='lat' dir='ltr'>Gall.</span> <span class='ocrx_word' id='word_1_123' title='bbox 1497 1740 1646 1780; x_wconf 84' lang='lat' dir='ltr'>Chrisl.,</span> 
     </span>
     <span class='ocr_line' id='line_1_19' title="bbox 139 1782 1647 1823; baseline -0.002 -7"><span class='ocrx_word' id='word_1_124' title='bbox 139 1784 166 1816; x_wconf 73' lang='lat' dir='ltr'>t.</span> <span class='ocrx_word' id='word_1_125' title='bbox 186 1782 248 1822; x_wconf 84' lang='lat' dir='ltr'>lx,</span> <span class='ocrx_word' id='word_1_126' title='bbox 264 1782 333 1815; x_wconf 89' lang='lat' dir='ltr'>col.</span> <span class='ocrx_word' id='word_1_127' title='bbox 352 1785 412 1814; x_wconf 80' lang='lat'>522</span> <span class='ocrx_word' id='word_1_128' title='bbox 431 1793 439 1816; x_wconf 88' lang='lat'>:</span> <span class='ocrx_word' id='word_1_129' title='bbox 460 1797 475 1812; x_wconf 91' lang='lat'>«</span> <span class='ocrx_word' id='word_1_130' title='bbox 494 1783 701 1821; x_wconf 81' lang='lat' dir='ltr'>Ascelinus,</span> <span class='ocrx_word' id='word_1_131' title='bbox 726 1783 788 1823; x_wconf 86' lang='lat' dir='ltr'>qui</span> <span class='ocrx_word' id='word_1_132' title='bbox 807 1784 917 1814; x_wconf 89' lang='lat' dir='ltr'>etiam</span> <span class='ocrx_word' id='word_1_133' title='bbox 942 1783 1126 1815; x_wconf 87' lang='lat' dir='ltr'>Adalbero</span> <span class='ocrx_word' id='word_1_134' title='bbox 1153 1785 1317 1820; x_wconf 83' lang='lat' dir='ltr'>vocatur,</span> <span class='ocrx_word' id='word_1_135' title='bbox 1346 1793 1390 1814; x_wconf 83' lang='lat' dir='ltr'>ex</span> <span class='ocrx_word' id='word_1_136' title='bbox 1415 1783 1647 1823; x_wconf 81' lang='lat' dir='ltr'>Lotharingia</span> 
     </span>
     <span class='ocr_line' id='line_1_20' title="bbox 139 1824 1647 1866; baseline -0.001 -10"><span class='ocrx_word' id='word_1_137' title='bbox 139 1824 326 1864; x_wconf 84' lang='lat' dir='ltr'>oriundus,</span> <span class='ocrx_word' id='word_1_138' title='bbox 353 1825 457 1856; x_wconf 90' lang='lat' dir='ltr'>dives</span> <span class='ocrx_word' id='word_1_139' title='bbox 480 1834 603 1866; x_wconf 89' lang='lat' dir='ltr'>opum,</span> <span class='ocrx_word' id='word_1_140' title='bbox 630 1825 906 1866; x_wconf 84' lang='lat' dir='ltr'>possessionum</span> <span class='ocrx_word' id='word_1_141' title='bbox 930 1825 1105 1865; x_wconf 87' lang='lat' dir='ltr'>locuples,</span> <span class='ocrx_word' id='word_1_142' title='bbox 1133 1834 1243 1866; x_wconf 90' lang='lat' dir='ltr'>quum</span> <span class='ocrx_word' id='word_1_143' title='bbox 1267 1824 1454 1856; x_wconf 76' lang='lat' dir='ltr'>distractis</span> <span class='ocrx_word' id='word_1_144' title='bbox 1477 1825 1647 1855; x_wconf 88' lang='lat' dir='ltr'>omnibus</span> 
     </span>
     <span class='ocr_line' id='line_1_21' title="bbox 137 1866 1646 1908; baseline -0.001 -10"><span class='ocrx_word' id='word_1_145' title='bbox 137 1866 254 1908; x_wconf 82' lang='lat' dir='ltr'>pretia</span> <span class='ocrx_word' id='word_1_146' title='bbox 295 1866 455 1907; x_wconf 80' lang='lat' dir='ltr'>ingentia</span> <span class='ocrx_word' id='word_1_147' title='bbox 483 1866 529 1898; x_wconf 85' lang='lat' dir='ltr'>ad</span> <span class='ocrx_word' id='word_1_148' title='bbox 567 1866 690 1898; x_wconf 86' lang='lat' dir='ltr'>sedem</span> <span class='ocrx_word' id='word_1_149' title='bbox 723 1867 781 1898; x_wconf 91' lang='lat' dir='ltr'>cui</span> <span class='ocrx_word' id='word_1_150' title='bbox 819 1868 985 1907; x_wconf 76' lang='lat' dir='ltr'>praeerat,</span> <span class='ocrx_word' id='word_1_151' title='bbox 1019 1867 1280 1903; x_wconf 82' lang='lat' dir='ltr'>transtulisset,</span> <span class='ocrx_word' id='word_1_152' title='bbox 1321 1866 1511 1898; x_wconf 85' lang='lat' dir='ltr'>ecclesiam</span> <span class='ocrx_word' id='word_1_153' title='bbox 1545 1876 1646 1897; x_wconf 88' lang='lat' dir='ltr'>suam</span> 
     </span>
     <span class='ocr_line' id='line_1_22' title="bbox 139 1907 1646 1950; baseline -0.001 -10"><span class='ocrx_word' id='word_1_154' title='bbox 139 1908 333 1950; x_wconf 77' lang='lat' dir='ltr'>praecipuis</span> <span class='ocrx_word' id='word_1_155' title='bbox 346 1908 493 1950; x_wconf 88' lang='lat' dir='ltr'>quidem</span> <span class='ocrx_word' id='word_1_156' title='bbox 502 1907 692 1940; x_wconf 86' lang='lat' dir='ltr'>ornatibus</span> <span class='ocrx_word' id='word_1_157' title='bbox 713 1908 923 1948; x_wconf 85' lang='lat' dir='ltr'>insignivit;</span> <span class='ocrx_word' id='word_1_158' title='bbox 942 1909 1039 1940; x_wconf 87' lang='lat' dir='ltr'>clero</span> <span class='ocrx_word' id='word_1_159' title='bbox 1063 1918 1105 1940; x_wconf 87' lang='lat' dir='ltr'>ac</span> <span class='ocrx_word' id='word_1_160' title='bbox 1118 1908 1308 1949; x_wconf 87' lang='lat' dir='ltr'>pontificio</span> <span class='ocrx_word' id='word_1_161' title='bbox 1327 1908 1432 1948; x_wconf 87' lang='lat' dir='ltr'>plura</span> <span class='ocrx_word' id='word_1_162' title='bbox 1446 1908 1567 1947; x_wconf 77' lang='lat' dir='ltr'>auxit;</span> <span class='ocrx_word' id='word_1_163' title='bbox 1581 1908 1646 1939; x_wconf 89' lang='lat' dir='ltr'>sed</span> 
     </span>
     <span class='ocr_line' id='line_1_23' title="bbox 137 1949 1644 1991; baseline -0.001 -10"><span class='ocrx_word' id='word_1_164' title='bbox 137 1951 269 1982; x_wconf 79' lang='lat' dir='ltr'>cuncta</span> <span class='ocrx_word' id='word_1_165' title='bbox 291 1949 353 1982; x_wconf 84' lang='lat' dir='ltr'>illa</span> <span class='ocrx_word' id='word_1_166' title='bbox 370 1949 544 1982; x_wconf 85' lang='lat' dir='ltr'>beneficia</span> <span class='ocrx_word' id='word_1_167' title='bbox 565 1950 721 1991; x_wconf 85' lang='lat' dir='ltr'>quadam</span> <span class='ocrx_word' id='word_1_168' title='bbox 742 1950 1047 1991; x_wconf 78' lang='lat' dir='ltr'>praestantissima</span> <span class='ocrx_word' id='word_1_169' title='bbox 1063 1950 1256 1991; x_wconf 84' lang='lat' dir='ltr'>iniquitate</span> <span class='ocrx_word' id='word_1_170' title='bbox 1272 1950 1436 1987; x_wconf 82' lang='lat' dir='ltr'>foedavit,</span> <span class='ocrx_word' id='word_1_171' title='bbox 1455 1950 1644 1980; x_wconf 86' lang='lat' dir='ltr'>domiuum</span> 
     </span>
     <span class='ocr_line' id='line_1_24' title="bbox 137 1991 1643 2065; baseline -0.001 -42"><span class='ocrx_word' id='word_1_172' title='bbox 137 2001 390 2065; x_wconf 42' lang='lat' dir='ltr'>suffisia-egem,</span> <span class='ocrx_word' id='word_1_173' title='bbox 410 1991 641 2023; x_wconf 87' lang='lat' dir='ltr'>innocentem</span> <span class='ocrx_word' id='word_1_174' title='bbox 656 2002 819 2032; x_wconf 88' lang='lat' dir='ltr'>puerum,</span> <span class='ocrx_word' id='word_1_175' title='bbox 839 1992 897 2023; x_wconf 89' lang='lat' dir='ltr'>cui</span> <span class='ocrx_word' id='word_1_176' title='bbox 915 1994 1181 2023; x_wconf 83' lang='lat' dir='ltr'>sacramentum</span> <span class='ocrx_word' id='word_1_177' title='bbox 1204 1991 1394 2023; x_wconf 81' lang='lat' dir='ltr'>fidelitatis</span> <span class='ocrx_word' id='word_1_178' title='bbox 1419 1991 1643 2032; x_wconf 76' lang='lat' dir='ltr'>praebuerat,</span> 
     </span>
     <span class='ocr_line' id='line_1_25' title="bbox 138 2033 345 2075; baseline 0.005 -10"><span class='ocrx_word' id='word_1_179' title='bbox 138 2042 206 2075; x_wconf 88' lang='lat' dir='ltr'>pro</span> <span class='ocrx_word' id='word_1_180' title='bbox 234 2034 246 2065; x_wconf 87' lang='lat' dir='ltr'>i</span> <span class='ocrx_word' id='word_1_181' title='bbox 274 2033 314 2066; x_wconf 86' lang='lat' dir='ltr'>it.</span> <span class='ocrx_word' id='word_1_182' title='bbox 330 2046 345 2062; x_wconf 73' lang='grc' dir='ltr'><strong>υ</strong></span> 
     </span>
    </p>
   </div>
   <div class='ocr_carea' id='block_1_9' title="bbox 135 2165 1646 2877">
    <p class='ocr_par' dir='ltr' id='par_1_9' title="bbox 139 2165 708 2207">
     <span class='ocr_line' id='line_1_26' title="bbox 139 2165 708 2207; baseline -0.002 -9"><span class='ocrx_word' id='word_1_183' title='bbox 139 2177 143 2180; x_wconf 87' lang='grc'><em>·</em></span> <span class='ocrx_word' id='word_1_184' title='bbox 180 2169 210 2198; x_wconf 93' lang='lat'>1.</span> <span class='ocrx_word' id='word_1_185' title='bbox 234 2165 290 2198; x_wconf 76' lang='lat' dir='ltr'>Cf.</span> <span class='ocrx_word' id='word_1_186' title='bbox 308 2166 332 2198; x_wconf 89' lang='lat' dir='ltr'>l.</span> <span class='ocrx_word' id='word_1_187' title='bbox 352 2166 399 2207; x_wconf 89' lang='lat'>11,</span> <span class='ocrx_word' id='word_1_188' title='bbox 417 2176 448 2198; x_wconf 93' lang='lat' dir='ltr'>c.</span> <span class='ocrx_word' id='word_1_189' title='bbox 471 2175 520 2206; x_wconf 78' lang='lat' dir='ltr'>iv,</span> <span class='ocrx_word' id='word_1_190' title='bbox 538 2165 609 2198; x_wconf 82' lang='lat' dir='ltr'>sub</span> <span class='ocrx_word' id='word_1_191' title='bbox 622 2165 708 2207; x_wconf 83' lang='lat' dir='ltr'>fine.</span> 
     </span>
    </p>

    <p class='ocr_par' dir='ltr' id='par_1_10' title="bbox 136 2205 1646 2668">
     <span class='ocr_line' id='line_1_27' title="bbox 179 2205 1646 2249; baseline -0.002 -10"><span class='ocrx_word' id='word_1_192' title='bbox 179 2211 210 2241; x_wconf 79' lang='lat'>2.</span> <span class='ocrx_word' id='word_1_193' title='bbox 234 2208 456 2247; x_wconf 62' lang='lat' dir='ltr'>Adalbferon,</span> <span class='ocrx_word' id='word_1_194' title='bbox 469 2207 644 2249; x_wconf 83' lang='lat' dir='ltr'>d&#39;origine</span> <span class='ocrx_word' id='word_1_195' title='bbox 654 2208 823 2248; x_wconf 79' lang='lat' dir='ltr'>lorraine,</span> <span class='ocrx_word' id='word_1_196' title='bbox 836 2209 1019 2249; x_wconf 62' lang='lat' dir='ltr'>peut-&amp;tre</span> <span class='ocrx_word' id='word_1_197' title='bbox 1032 2207 1133 2239; x_wconf 69' lang='lat' dir='ltr'>cleve</span> <span class='ocrx_word' id='word_1_198' title='bbox 1145 2208 1189 2239; x_wconf 91' lang='lat' dir='ltr'>de</span> <span class='ocrx_word' id='word_1_199' title='bbox 1203 2207 1371 2246; x_wconf 84' lang='lat' dir='ltr'>Gerbert,</span> <span class='ocrx_word' id='word_1_200' title='bbox 1382 2205 1587 2238; x_wconf 79' lang='lat' dir='ltr'>chancelier</span> <span class='ocrx_word' id='word_1_201' title='bbox 1598 2206 1646 2236; x_wconf 87' lang='lat' dir='ltr'>du</span> 
     </span>
     <span class='ocr_line' id='line_1_28' title="bbox 137 2247 1644 2291; baseline -0.003 -9"><span class='ocrx_word' id='word_1_202' title='bbox 137 2250 190 2282; x_wconf 89' lang='lat' dir='ltr'>roi</span> <span class='ocrx_word' id='word_1_203' title='bbox 212 2250 381 2282; x_wconf 82' lang='lat' dir='ltr'>Lothaire</span> <span class='ocrx_word' id='word_1_204' title='bbox 398 2260 442 2281; x_wconf 90' lang='lat' dir='ltr'>en</span> <span class='ocrx_word' id='word_1_205' title='bbox 456 2252 528 2289; x_wconf 75' lang='grc'><strong>974,</strong></span> <span class='ocrx_word' id='word_1_206' title='bbox 548 2250 685 2291; x_wconf 75' lang='lat' dir='ltr'>eveque</span> <span class='ocrx_word' id='word_1_207' title='bbox 700 2250 745 2282; x_wconf 89' lang='lat' dir='ltr'>de</span> <span class='ocrx_word' id='word_1_208' title='bbox 765 2252 858 2281; x_wconf 83' lang='lat' dir='ltr'>Laon</span> <span class='ocrx_word' id='word_1_209' title='bbox 876 2260 919 2281; x_wconf 86' lang='lat' dir='ltr'>en</span> <span class='ocrx_word' id='word_1_210' title='bbox 936 2253 1008 2290; x_wconf 87' lang='grc'><strong>977,</strong></span> <span class='ocrx_word' id='word_1_211' title='bbox 1021 2250 1041 2281; x_wconf 75' lang='lat' dir='ltr'>a</span> <span class='ocrx_word' id='word_1_212' title='bbox 1057 2250 1142 2290; x_wconf 71' lang='lat' dir='ltr'>l&#39;age</span> <span class='ocrx_word' id='word_1_213' title='bbox 1157 2250 1201 2281; x_wconf 90' lang='lat' dir='ltr'>de</span> <span class='ocrx_word' id='word_1_214' title='bbox 1216 2251 1335 2281; x_wconf 88' lang='lat' dir='ltr'>trente</span> <span class='ocrx_word' id='word_1_215' title='bbox 1355 2259 1418 2279; x_wconf 79' lang='lat' dir='ltr'>ans</span> <span class='ocrx_word' id='word_1_216' title='bbox 1431 2247 1644 2285; x_wconf 78' lang='lat' dir='ltr'>seulement,</span> 
     </span>
     <span class='ocr_line' id='line_1_29' title="bbox 137 2290 1645 2332; baseline -0.003 -8"><span class='ocrx_word' id='word_1_217' title='bbox 137 2291 264 2324; x_wconf 74' lang='lat' dir='ltr'>chasse</span> <span class='ocrx_word' id='word_1_218' title='bbox 282 2292 327 2324; x_wconf 89' lang='lat' dir='ltr'>de</span> <span class='ocrx_word' id='word_1_219' title='bbox 353 2302 419 2323; x_wconf 84' lang='lat' dir='ltr'>son</span> <span class='ocrx_word' id='word_1_220' title='bbox 443 2292 540 2332; x_wconf 78' lang='lat' dir='ltr'>siege</span> <span class='ocrx_word' id='word_1_221' title='bbox 559 2301 652 2332; x_wconf 88' lang='lat' dir='ltr'>pour</span> <span class='ocrx_word' id='word_1_222' title='bbox 669 2292 831 2323; x_wconf 77' lang='lat' dir='ltr'>adultere</span> <span class='ocrx_word' id='word_1_223' title='bbox 849 2302 938 2323; x_wconf 84' lang='lat' dir='ltr'>avec</span> <span class='ocrx_word' id='word_1_224' title='bbox 962 2292 993 2323; x_wconf 86' lang='lat' dir='ltr'>la</span> <span class='ocrx_word' id='word_1_225' title='bbox 1018 2292 1116 2323; x_wconf 86' lang='lat' dir='ltr'>reine</span> <span class='ocrx_word' id='word_1_226' title='bbox 1134 2291 1272 2330; x_wconf 86' lang='lat' dir='ltr'>Emma,</span> <span class='ocrx_word' id='word_1_227' title='bbox 1291 2292 1327 2322; x_wconf 89' lang='lat' dir='ltr'>et</span> <span class='ocrx_word' id='word_1_228' title='bbox 1345 2291 1409 2322; x_wconf 79' lang='lat' dir='ltr'>des</span> <span class='ocrx_word' id='word_1_229' title='bbox 1426 2291 1500 2321; x_wconf 81' lang='lat' dir='ltr'>lors</span> <span class='ocrx_word' id='word_1_230' title='bbox 1516 2290 1645 2320; x_wconf 80' lang='lat' dir='ltr'>ardent</span> 
     </span>
     <span class='ocr_line' id='line_1_30' title="bbox 136 2331 1644 2375; baseline -0.003 -9"><span class='ocrx_word' id='word_1_231' title='bbox 136 2334 299 2375; x_wconf 79' lang='lat' dir='ltr'>partisan</span> <span class='ocrx_word' id='word_1_232' title='bbox 315 2333 379 2366; x_wconf 86' lang='lat' dir='ltr'>des</span> <span class='ocrx_word' id='word_1_233' title='bbox 397 2333 639 2373; x_wconf 86' lang='lat' dir='ltr'>Robertiens;</span> <span class='ocrx_word' id='word_1_234' title='bbox 658 2334 733 2375; x_wconf 86' lang='lat' dir='ltr'>pris</span> <span class='ocrx_word' id='word_1_235' title='bbox 752 2344 817 2374; x_wconf 86' lang='lat' dir='ltr'>par</span> <span class='ocrx_word' id='word_1_236' title='bbox 833 2333 981 2365; x_wconf 83' lang='lat' dir='ltr'>Charles</span> <span class='ocrx_word' id='word_1_237' title='bbox 1005 2334 1048 2365; x_wconf 90' lang='lat' dir='ltr'>de</span> <span class='ocrx_word' id='word_1_238' title='bbox 1074 2333 1244 2364; x_wconf 88' lang='lat' dir='ltr'>Lorraine</span> <span class='ocrx_word' id='word_1_239' title='bbox 1269 2343 1312 2364; x_wconf 90' lang='lat' dir='ltr'>en</span> <span class='ocrx_word' id='word_1_240' title='bbox 1338 2335 1412 2371; x_wconf 88' lang='grc'><strong>987,</strong></span> <span class='ocrx_word' id='word_1_241' title='bbox 1432 2332 1456 2362; x_wconf 94' lang='lat' dir='ltr'>il</span> <span class='ocrx_word' id='word_1_242' title='bbox 1475 2331 1607 2363; x_wconf 72' lang='lat' dir='ltr'>rcussit</span> <span class='ocrx_word' id='word_1_243' title='bbox 1625 2331 1644 2361; x_wconf 71' lang='lat' dir='ltr'>a</span> 
     </span>
     <span class='ocr_line' id='line_1_31' title="bbox 137 2373 1644 2417; baseline -0.003 -10"><span class='ocrx_word' id='word_1_244' title='bbox 137 2375 296 2415; x_wconf 80' lang='lat' dir='ltr'>s&#39;enl&#39;uir,</span> <span class='ocrx_word' id='word_1_245' title='bbox 321 2378 443 2408; x_wconf 85' lang='lat' dir='ltr'>rentre</span> <span class='ocrx_word' id='word_1_246' title='bbox 459 2376 550 2407; x_wconf 87' lang='lat' dir='ltr'>dans</span> <span class='ocrx_word' id='word_1_247' title='bbox 575 2375 685 2416; x_wconf 86' lang='lat' dir='ltr'>Laon,</span> <span class='ocrx_word' id='word_1_248' title='bbox 711 2376 878 2417; x_wconf 78' lang='lat' dir='ltr'>pai-vient</span> <span class='ocrx_word' id='word_1_249' title='bbox 896 2376 915 2407; x_wconf 77' lang='lat' dir='ltr'>a</span> <span class='ocrx_word' id='word_1_250' title='bbox 933 2375 1128 2416; x_wconf 75' lang='lat' dir='ltr'>s&#39;emparer</span> <span class='ocrx_word' id='word_1_251' title='bbox 1155 2385 1220 2416; x_wconf 86' lang='lat' dir='ltr'>par</span> <span class='ocrx_word' id='word_1_252' title='bbox 1242 2374 1406 2405; x_wconf 85' lang='lat' dir='ltr'>trahison</span> <span class='ocrx_word' id='word_1_253' title='bbox 1432 2374 1475 2404; x_wconf 86' lang='lat' dir='ltr'>de</span> <span class='ocrx_word' id='word_1_254' title='bbox 1495 2373 1644 2403; x_wconf 77' lang='lat' dir='ltr'>Charles</span> 
     </span>
     <span class='ocr_line' id='line_1_32' title="bbox 137 2415 1646 2460; baseline -0.003 -11"><span class='ocrx_word' id='word_1_255' title='bbox 137 2418 238 2460; x_wconf 84' lang='lat'>(991),</span> <span class='ocrx_word' id='word_1_256' title='bbox 251 2419 287 2449; x_wconf 90' lang='lat' dir='ltr'>et</span> <span class='ocrx_word' id='word_1_257' title='bbox 298 2417 445 2450; x_wconf 87' lang='lat' dir='ltr'>devient</span> <span class='ocrx_word' id='word_1_258' title='bbox 457 2427 503 2448; x_wconf 92' lang='lat' dir='ltr'>un</span> <span class='ocrx_word' id='word_1_259' title='bbox 518 2417 582 2448; x_wconf 88' lang='lat' dir='ltr'>des</span> <span class='ocrx_word' id='word_1_260' title='bbox 595 2418 757 2449; x_wconf 88' lang='lat' dir='ltr'>soutiens</span> <span class='ocrx_word' id='word_1_261' title='bbox 771 2418 814 2449; x_wconf 88' lang='lat' dir='ltr'>de</span> <span class='ocrx_word' id='word_1_262' title='bbox 828 2417 975 2459; x_wconf 84' lang='lat' dir='ltr'>Hugues</span> <span class='ocrx_word' id='word_1_263' title='bbox 990 2417 1212 2458; x_wconf 81' lang='lat' dir='ltr'>Capct,·puis</span> <span class='ocrx_word' id='word_1_264' title='bbox 1223 2417 1268 2447; x_wconf 88' lang='lat' dir='ltr'>de</span> <span class='ocrx_word' id='word_1_265' title='bbox 1285 2416 1423 2447; x_wconf 84' lang='lat' dir='ltr'>Robert</span> <span class='ocrx_word' id='word_1_266' title='bbox 1438 2415 1490 2446; x_wconf 55' lang='grc' dir='ltr'>[θ’.</span> <span class='ocrx_word' id='word_1_267' title='bbox 1506 2415 1559 2445; x_wconf 79' lang='lat' dir='ltr'>Cf.</span> <span class='ocrx_word' id='word_1_268' title='bbox 1584 2424 1646 2444; x_wconf 86' lang='lat' dir='ltr'>sur</span> 
     </span>
     <span class='ocr_line' id='line_1_33' title="bbox 137 2456 1643 2501; baseline -0.003 -10"><span class='ocrx_word' id='word_1_269' title='bbox 137 2466 178 2491; x_wconf 88' lang='lat' dir='ltr'>ce</span> <span class='ocrx_word' id='word_1_270' title='bbox 200 2468 439 2501; x_wconf 82' lang='lat' dir='ltr'>personnage,</span> <span class='ocrx_word' id='word_1_271' title='bbox 468 2459 506 2491; x_wconf 87' lang='lat' dir='ltr'>F.</span> <span class='ocrx_word' id='word_1_272' title='bbox 538 2458 617 2499; x_wconf 89' lang='lat' dir='ltr'>Lot,</span> <span class='ocrx_word' id='word_1_273' title='bbox 650 2459 714 2492; x_wconf 87' lang='lat' dir='ltr'>Les</span> <span class='ocrx_word' id='word_1_274' title='bbox 738 2458 905 2490; x_wconf 80' lang='lat' dir='ltr'>dernier-s</span> <span class='ocrx_word' id='word_1_275' title='bbox 933 2458 1199 2501; x_wconf 71' lang='lat' dir='ltr'>Carolinyiens,</span> <span class='ocrx_word' id='word_1_276' title='bbox 1227 2458 1320 2490; x_wconf 89' lang='lat' dir='ltr'>Bibl.</span> <span class='ocrx_word' id='word_1_277' title='bbox 1350 2458 1394 2488; x_wconf 87' lang='lat' dir='ltr'>de</span> <span class='ocrx_word' id='word_1_278' title='bbox 1427 2456 1559 2488; x_wconf 75' lang='lat' dir='ltr'>l&#39;Ecole</span> <span class='ocrx_word' id='word_1_279' title='bbox 1578 2457 1643 2486; x_wconf 86' lang='lat' dir='ltr'>des</span> 
     </span>
     <span class='ocr_line' id='line_1_34' title="bbox 139 2497 1644 2542; baseline -0.004 -9"><span class='ocrx_word' id='word_1_280' title='bbox 139 2501 496 2540; x_wconf 64' lang='lat' dir='ltr'>Hautes—Etudes‚,n⁰</span> <span class='ocrx_word' id='word_1_281' title='bbox 511 2503 562 2539; x_wconf 86' lang='lat'>87,</span> <span class='ocrx_word' id='word_1_282' title='bbox 579 2501 692 2540; x_wconf 82' lang='lat' dir='ltr'>Paris,</span> <span class='ocrx_word' id='word_1_283' title='bbox 710 2504 801 2538; x_wconf 82' lang='lat'>1891,</span> <span class='ocrx_word' id='word_1_284' title='bbox 816 2501 899 2539; x_wconf 76' lang='lat' dir='ltr'>in-S,</span> <span class='ocrx_word' id='word_1_285' title='bbox 918 2500 1076 2542; x_wconf 77' lang='lat' dir='ltr'>passim;</span> <span class='ocrx_word' id='word_1_286' title='bbox 1095 2500 1166 2532; x_wconf 90' lang='lat' dir='ltr'>G.-</span> <span class='ocrx_word' id='word_1_287' title='bbox 1179 2501 1222 2532; x_wconf 88' lang='lat' dir='ltr'>A.</span> <span class='ocrx_word' id='word_1_288' title='bbox 1242 2499 1395 2538; x_wconf 80' lang='lat' dir='ltr'>Hiickel,</span> <span class='ocrx_word' id='word_1_289' title='bbox 1419 2499 1483 2529; x_wconf 83' lang='lat' dir='ltr'>Les</span> <span class='ocrx_word' id='word_1_290' title='bbox 1498 2497 1644 2538; x_wconf 70' lang='lat' dir='ltr'>poemes</span> 
     </span>
     <span class='ocr_line' id='line_1_35' title="bbox 136 2539 1642 2592; baseline -0.003 -18"><span class='ocrx_word' id='word_1_291' title='bbox 136 2542 338 2592; x_wconf 56' lang='lat' dir='ltr'>satir-iqua</span> <span class='ocrx_word' id='word_1_292' title='bbox 359 2541 618 2582; x_wconf 61' lang='lat' dir='ltr'>d&#39;Adalbdrom</span> <span class='ocrx_word' id='word_1_293' title='bbox 637 2543 726 2574; x_wconf 85' lang='lat' dir='ltr'>dans</span> <span class='ocrx_word' id='word_1_294' title='bbox 752 2542 833 2574; x_wconf 84' lang='lat' dir='ltr'>Me&#39;l.</span> <span class='ocrx_word' id='word_1_295' title='bbox 857 2541 977 2574; x_wconf 77' lang='lat' dir='ltr'>d&#39;hist.</span> <span class='ocrx_word' id='word_1_296' title='bbox 1003 2542 1051 2574; x_wconf 86' lang='lat' dir='ltr'>du</span> <span class='ocrx_word' id='word_1_297' title='bbox 1076 2552 1205 2584; x_wconf 82' lang='lat' dir='ltr'>moyen</span> <span class='ocrx_word' id='word_1_298' title='bbox 1222 2543 1301 2583; x_wconf 62' lang='lat' dir='ltr'>aye,</span> <span class='ocrx_word' id='word_1_299' title='bbox 1328 2539 1473 2582; x_wconf 70' lang='lat' dir='ltr'>publies</span> <span class='ocrx_word' id='word_1_300' title='bbox 1503 2549 1588 2570; x_wconf 89' lang='lat' dir='ltr'>sous</span> <span class='ocrx_word' id='word_1_301' title='bbox 1610 2539 1642 2569; x_wconf 85' lang='lat' dir='ltr'>la</span> 
     </span>
     <span class='ocr_line' id='line_1_36' title="bbox 136 2581 1643 2625; baseline -0.003 -9"><span class='ocrx_word' id='word_1_302' title='bbox 136 2584 316 2618; x_wconf 80' lang='lat' dir='ltr'>direction</span> <span class='ocrx_word' id='word_1_303' title='bbox 333 2586 378 2617; x_wconf 91' lang='lat' dir='ltr'>de</span> <span class='ocrx_word' id='word_1_304' title='bbox 395 2585 444 2618; x_wconf 90' lang='lat' dir='ltr'>M.</span> <span class='ocrx_word' id='word_1_305' title='bbox 464 2585 496 2616; x_wconf 88' lang='lat' dir='ltr'>le</span> <span class='ocrx_word' id='word_1_306' title='bbox 519 2585 727 2625; x_wconf 86' lang='lat' dir='ltr'>professeur</span> <span class='ocrx_word' id='word_1_307' title='bbox 745 2585 932 2620; x_wconf 81' lang='lat' dir='ltr'>Luchaire,</span> <span class='ocrx_word' id='word_1_308' title='bbox 952 2583 1160 2616; x_wconf 70' lang='lat' dir='ltr'>Universite</span> <span class='ocrx_word' id='word_1_309' title='bbox 1184 2584 1228 2615; x_wconf 89' lang='lat' dir='ltr'>de</span> <span class='ocrx_word' id='word_1_310' title='bbox 1253 2583 1365 2622; x_wconf 73' lang='lat' dir='ltr'>Paris,</span> <span class='ocrx_word' id='word_1_311' title='bbox 1386 2581 1643 2622; x_wconf 74' lang='lat' dir='ltr'>Bibliothequc</span> 
     </span>
     <span class='ocr_line' id='line_1_37' title="bbox 137 2625 1182 2668; baseline -0.001 -11"><span class='ocrx_word' id='word_1_312' title='bbox 137 2626 181 2658; x_wconf 87' lang='lat' dir='ltr'>de</span> <span class='ocrx_word' id='word_1_313' title='bbox 198 2626 232 2658; x_wconf 82' lang='lat' dir='ltr'>la</span> <span class='ocrx_word' id='word_1_314' title='bbox 250 2627 397 2659; x_wconf 78' lang='lat' dir='ltr'>Faculte</span> <span class='ocrx_word' id='word_1_315' title='bbox 411 2628 475 2658; x_wconf 87' lang='lat' dir='ltr'>des</span> <span class='ocrx_word' id='word_1_316' title='bbox 494 2625 649 2666; x_wconf 71' lang='lat' dir='ltr'>Lettoes,</span> <span class='ocrx_word' id='word_1_317' title='bbox 670 2627 783 2665; x_wconf 81' lang='lat' dir='ltr'>Paris,</span> <span class='ocrx_word' id='word_1_318' title='bbox 799 2629 890 2665; x_wconf 86' lang='grc'><strong>1901,</strong></span> <span class='ocrx_word' id='word_1_319' title='bbox 912 2627 996 2666; x_wconf 71' lang='grc' dir='ltr'><strong>ἑτι-8,</strong></span> <span class='ocrx_word' id='word_1_320' title='bbox 1018 2637 1051 2668; x_wconf 87' lang='lat' dir='ltr'>p.</span> <span class='ocrx_word' id='word_1_321' title='bbox 1072 2629 1182 2657; x_wconf 78' lang='lat'>58-68.</span> 
     </span>
    </p>

    <p class='ocr_par' dir='ltr' id='par_1_11' title="bbox 178 2663 1643 2710">
     <span class='ocr_line' id='line_1_38' title="bbox 178 2663 1643 2710; baseline -0.004 -11"><span class='ocrx_word' id='word_1_322' title='bbox 178 2671 209 2700; x_wconf 83' lang='lat'>3.</span> <span class='ocrx_word' id='word_1_323' title='bbox 234 2669 334 2701; x_wconf 84' lang='lat' dir='ltr'>Nous</span> <span class='ocrx_word' id='word_1_324' title='bbox 351 2679 395 2700; x_wconf 89' lang='lat' dir='ltr'>ne</span> <span class='ocrx_word' id='word_1_325' title='bbox 412 2668 648 2700; x_wconf 82' lang='lat' dir='ltr'>connaissons</span> <span class='ocrx_word' id='word_1_326' title='bbox 664 2679 729 2710; x_wconf 88' lang='lat' dir='ltr'>pas</span> <span class='ocrx_word' id='word_1_327' title='bbox 744 2669 776 2700; x_wconf 91' lang='lat' dir='ltr'>le</span> <span class='ocrx_word' id='word_1_328' title='bbox 794 2667 905 2700; x_wconf 75' lang='lat' dir='ltr'>detail</span> <span class='ocrx_word' id='word_1_329' title='bbox 922 2669 986 2700; x_wconf 83' lang='lat' dir='ltr'>des</span> <span class='ocrx_word' id='word_1_330' title='bbox 1008 2668 1214 2699; x_wconf 81' lang='lat' dir='ltr'>fondations</span> <span class='ocrx_word' id='word_1_331' title='bbox 1242 2667 1385 2708; x_wconf 79' lang='lat' dir='ltr'>picuses</span> <span class='ocrx_word' id='word_1_332' title='bbox 1404 2663 1643 2696; x_wconf 68' lang='lat' dir='ltr'>tl&#39;Adalbcron</span> 
     </span>
    </p>

    <p class='ocr_par' dir='ltr' id='par_1_12' title="bbox 136 2705 1643 2824">
     <span class='ocr_line' id='line_1_39' title="bbox 163 2705 1643 2751; baseline -0.004 -10"><span class='ocrx_word' id='word_1_333' title='bbox 163 2720 232 2742; x_wconf 88' lang='lat' dir='ltr'>our</span> <span class='ocrx_word' id='word_1_334' title='bbox 247 2710 380 2751; x_wconf 71' lang='lat' dir='ltr'>l&#39;eglise</span> <span class='ocrx_word' id='word_1_335' title='bbox 398 2711 442 2742; x_wconf 89' lang='lat' dir='ltr'>de</span> <span class='ocrx_word' id='word_1_336' title='bbox 461 2709 579 2749; x_wconf 69' lang='lat' dir='ltr'>Laon,</span> <span class='ocrx_word' id='word_1_337' title='bbox 600 2721 638 2742; x_wconf 83' lang='lat' dir='ltr'>sa</span> <span class='ocrx_word' id='word_1_338' title='bbox 655 2709 835 2742; x_wconf 68' lang='lat' dir='ltr'>liberalite</span> <span class='ocrx_word' id='word_1_339' title='bbox 852 2713 907 2742; x_wconf 86' lang='lat' dir='ltr'>est</span> <span class='ocrx_word' id='word_1_340' title='bbox 930 2710 1105 2742; x_wconf 81' lang='lat' dir='ltr'>toutefois</span> <span class='ocrx_word' id='word_1_341' title='bbox 1128 2708 1281 2741; x_wconf 60' lang='lat' dir='ltr'>anesii-e</span> <span class='ocrx_word' id='word_1_342' title='bbox 1306 2718 1371 2749; x_wconf 88' lang='lat' dir='ltr'>par</span> <span class='ocrx_word' id='word_1_343' title='bbox 1388 2717 1452 2738; x_wconf 90' lang='lat' dir='ltr'>son</span> <span class='ocrx_word' id='word_1_344' title='bbox 1472 2705 1643 2747; x_wconf 67' lang='lat' dir='ltr'>epitaphc</span> 
     </span>
     <span class='ocr_line' id='line_1_40' title="bbox 136 2720 1642 2824; baseline -0.004 -40"><span class='ocrx_word' id='word_1_345' title='bbox 136 2720 246 2824; x_wconf 46' lang='lat' dir='ltr'>§Gan</span> <span class='ocrx_word' id='word_1_346' title='bbox 266 2752 414 2791; x_wconf 65' lang='lat' dir='ltr'>Christ„</span> <span class='ocrx_word' id='word_1_347' title='bbox 433 2755 459 2785; x_wconf 90' lang='lat' dir='ltr'>t.</span> <span class='ocrx_word' id='word_1_348' title='bbox 480 2752 541 2788; x_wconf 88' lang='lat' dir='ltr'>1x,</span> <span class='ocrx_word' id='word_1_349' title='bbox 560 2753 628 2784; x_wconf 91' lang='lat' dir='ltr'>col.</span> <span class='ocrx_word' id='word_1_350' title='bbox 646 2753 731 2792; x_wconf 79' lang='lat'>522).</span> <span class='ocrx_word' id='word_1_351' title='bbox 753 2752 807 2784; x_wconf 83' lang='lat' dir='ltr'>Cf.</span> <span class='ocrx_word' id='word_1_352' title='bbox 822 2752 914 2783; x_wconf 86' lang='lat' dir='ltr'>dans</span> <span class='ocrx_word' id='word_1_353' title='bbox 928 2752 1071 2791; x_wconf 83' lang='lat' dir='ltr'>Pfister,</span> <span class='ocrx_word' id='word_1_354' title='bbox 1086 2751 1188 2783; x_wconf 77' lang='lat' dir='ltr'>Essai</span> <span class='ocrx_word' id='word_1_355' title='bbox 1204 2760 1270 2782; x_wconf 81' lang='lat' dir='ltr'>sur</span> <span class='ocrx_word' id='word_1_356' title='bbox 1284 2750 1314 2781; x_wconf 84' lang='lat' dir='ltr'>le</span> <span class='ocrx_word' id='word_1_357' title='bbox 1330 2749 1441 2791; x_wconf 70' lang='lat' dir='ltr'>reyne</span> <span class='ocrx_word' id='word_1_358' title='bbox 1453 2751 1495 2779; x_wconf 78' lang='lat' dir='ltr'>cle</span> <span class='ocrx_word' id='word_1_359' title='bbox 1510 2746 1642 2778; x_wconf 76' lang='lat' dir='ltr'>Robert</span> 
     </span>
    </p>

    <p class='ocr_par' dir='ltr' id='par_1_13' title="bbox 135 2788 1642 2877">
     <span class='ocr_line' id='line_1_41' title="bbox 152 2788 1642 2835; baseline -0.004 -10"><span class='ocrx_word' id='word_1_360' title='bbox 152 2803 170 2826; x_wconf 81' lang='lat' dir='ltr'>e</span> <span class='ocrx_word' id='word_1_361' title='bbox 194 2793 308 2826; x_wconf 67' lang='lat' dir='ltr'>Picum</span> <span class='ocrx_word' id='word_1_362' title='bbox 323 2794 429 2835; x_wconf 89' lang='lat' dir='ltr'>(Bibl.</span> <span class='ocrx_word' id='word_1_363' title='bbox 448 2795 492 2826; x_wconf 89' lang='lat' dir='ltr'>de</span> <span class='ocrx_word' id='word_1_364' title='bbox 509 2788 594 2827; x_wconf 78' lang='lat' dir='ltr'>l&#39;Ec.</span> <span class='ocrx_word' id='word_1_365' title='bbox 615 2795 678 2825; x_wconf 86' lang='lat' dir='ltr'>des</span> <span class='ocrx_word' id='word_1_366' title='bbox 697 2794 854 2825; x_wconf 76' lang='lat' dir='ltr'>Hautes—</span> <span class='ocrx_word' id='word_1_367' title='bbox 885 2795 1004 2833; x_wconf 83' lang='lat' dir='ltr'>tudes,</span> <span class='ocrx_word' id='word_1_368' title='bbox 1023 2799 1060 2824; x_wconf 87' lang='lat' dir='ltr'>n⁰</span> <span class='ocrx_word' id='word_1_369' title='bbox 1077 2795 1128 2832; x_wconf 77' lang='grc'><strong>64,</strong></span> <span class='ocrx_word' id='word_1_370' title='bbox 1148 2793 1260 2831; x_wconf 82' lang='lat' dir='ltr'>Paris,</span> <span class='ocrx_word' id='word_1_371' title='bbox 1281 2794 1373 2830; x_wconf 79' lang='lat'>1885,</span> <span class='ocrx_word' id='word_1_372' title='bbox 1390 2791 1494 2830; x_wconf 81' lang='lat' dir='ltr'>iu-8)‚</span> <span class='ocrx_word' id='word_1_373' title='bbox 1526 2788 1642 2820; x_wconf 77' lang='lat' dir='ltr'>Catal.</span> 
     </span>
     <span class='ocr_line' id='line_1_42' title="bbox 135 2834 1262 2877; baseline -0.004 -9"><span class='ocrx_word' id='word_1_374' title='bbox 135 2835 198 2868; x_wconf 72' lang='lat' dir='ltr'>des</span> <span class='ocrx_word' id='word_1_375' title='bbox 215 2837 322 2876; x_wconf 77' lang='lat' dir='ltr'>actes,</span> <span class='ocrx_word' id='word_1_376' title='bbox 338 2842 390 2868; x_wconf 76' lang='lat' dir='ltr'>n0·</span> <span class='ocrx_word' id='word_1_377' title='bbox 407 2840 458 2875; x_wconf 82' lang='lat'>35,</span> <span class='ocrx_word' id='word_1_378' title='bbox 475 2839 526 2875; x_wconf 75' lang='grc'><strong>49,</strong></span> <span class='ocrx_word' id='word_1_379' title='bbox 546 2839 596 2875; x_wconf 77' lang='grc'><strong>57,</strong></span> <span class='ocrx_word' id='word_1_380' title='bbox 613 2840 664 2875; x_wconf 74' lang='lat'>68,</span> <span class='ocrx_word' id='word_1_381' title='bbox 684 2839 736 2875; x_wconf 84' lang='lat'>72,</span> <span class='ocrx_word' id='word_1_382' title='bbox 756 2837 807 2868; x_wconf 85' lang='lat' dir='ltr'>les</span> <span class='ocrx_word' id='word_1_383' title='bbox 822 2839 921 2868; x_wconf 86' lang='lat' dir='ltr'>actes</span> <span class='ocrx_word' id='word_1_384' title='bbox 939 2835 1024 2877; x_wconf 88' lang='lat' dir='ltr'>qu&#39;il</span> <span class='ocrx_word' id='word_1_385' title='bbox 1039 2846 1059 2867; x_wconf 82' lang='lat' dir='ltr'>a</span> <span class='ocrx_word' id='word_1_386' title='bbox 1076 2834 1262 2867; x_wconf 86' lang='lat' dir='ltr'>souscrits.</span> 
     </span>
    </p>
   </div>
   <div class='ocr_carea' id='block_1_10' title="bbox 248 2913 1517 2942">
    <p class='ocr_par' dir='ltr' id='par_1_14' title="bbox 248 2913 1517 2942">
     <span class='ocr_line' id='line_1_43' title="bbox 248 2913 1517 2942; baseline -0.003 0"><span class='ocrx_word' id='word_1_387' title='bbox 248 2914 321 2942; x_wconf 84' lang='lat' dir='ltr'>Ven.</span> <span class='ocrx_word' id='word_1_388' title='bbox 343 2913 491 2942; x_wconf 75' lang='lat' dir='ltr'>Guiberti</span> <span class='ocrx_word' id='word_1_389' title='bbox 511 2914 586 2941; x_wconf 74' lang='lat' dir='ltr'>vita.</span> <span class='ocrx_word' id='word_1_390' title='bbox 1499 2915 1517 2942; x_wconf 85' lang='lat'><strong>9</strong></span> 
     </span>
    </p>
   </div>
  </div>
 </body>
</html>
