1930 3224
552 226 651 255 VEN.
688 225 881 255 GmBER'rl
918 226 1021 254 vrrAE
1054 226 1171 254 LIBER
1205 225 1247 254 111
1577 211 1658 253 221

162 325 306 368 etiam.
323 324 675 383 flagitiosissime
702 330 952 383 operatum.
991 325 1087 378 Dic,
1124 339 1294 382 quaeSO,
1321 323 1430 382 quid
1456 324 1513 366 ad
1539 328 1665 366 tuam

162 392 450 436 clementiam
490 393 793 451 proficiscenti
844 393 1022 436 consilii
1066 392 1210 436 dabis.
1252 418 1310 424 -
1352 391 1400 435 Si
1449 392 1535 445 vis,
1583 391 1661 445 ait,

162 461 325 520 dignos
353 477 434 520 pro
464 462 732 520 perpetratis
764 461 1123 520 turpitudinibus
1154 460 1328 504 fructus
1368 460 1665 518 poenitudinis

161 530 322 584 facere,
362 530 613 573 membrum
647 530 761 572 illud
793 530 912 573 unde
948 530 1160 588 peccasti,
1198 534 1430 572 veretrum
1474 528 1664 581 scilicet,

163 615 244 658 pro
267 614 366 642 mea
382 603 426 642 et
449 599 534 642 Dei
556 598 774 641 fidelitate
790 599 872 641 tibi
895 598 1126 651 abscinde,
1144 603 1188 640 et
1202 598 1495 656 postmodum
1519 597 1665 654 ipsam

123 699 126 701 Δ
162 668 321 721 vitam,
364 683 501 725 quam
536 667 654 710 male
692 663 878 719 duxisti,
916 664 1006 710 'tibi
1038 667 1207 725 pariter
1239 667 1420 709 desecto
1459 670 1660 724 gutture.¹

162 736 326 780 adime.
357 754 376 776 η
405 736 546 788 Dixit,
580 740 626 778 et
660 735 716 778 ab
744 736 886 778 oculis
919 736 1016 794 ejus
1050 751 1096 778 se
1128 734 1399 778 subtrahens
1435 734 1481 776 in
1523 735 1664 776 multa

163 805 329 848 mentis
352 805 580 848 hominem
606 805 899 862 perversitate
921 804 1118 862 reliquit.

223 874 292 918 Ad
332 873 579 931 hospitium
606 873 744 930 igitur
783 878 913 915 nocte
944 873 1226 931 perveniens,
1251 871 1445 924 diabolo,
1471 887 1576 924 non,
1615 876 1665 913 ut

162 942 367 1002 putabat,
398 942 620 1000 apostolo,
663 942 740 999 qui
773 957 819 984 se
844 946 1079 984 monuerat
1112 941 1309 994 obedire,
1337 945 1660 998 praeproperat.

163 1010 504 1054 Dormientibus
524 1011 675 1069 itaque
704 1011 850 1059 sociis,
877 1010 1127 1053 mentulam
1154 1010 1239 1052 sibi
1269 1010 1413 1067 primo
1443 1008 1661 1066 praecidit,

163 1079 325 1123 deinde
350 1079 549 1122 cultrum
563 1079 737 1137 gutturi
757 1079 999 1136 immergit.
1026 1078 1142 1121 Cum
1164 1078 1403 1121 stridorem
1430 1077 1665 1120 morientis

163 1153 207 1192 et
222 1149 443 1207 crepitum
477 1148 709 1205 sanguinis
737 1148 1072 1206 prorumpentis
1099 1147 1288 1190 comites
1325 1146 1662 1199 subaudissent,

162 1217 401 1261 exciuntur
424 1233 447 1259 a
472 1232 647 1270 somno,
674 1221 734 1269 et,
765 1217 935 1259 lumine
971 1216 1190 1270 adhibito,
1229 1215 1338 1274 quid
1369 1216 1485 1258 circa
1518 1215 1665 1257 homi-

162 1301 268 1329 nem
294 1286 464 1329 factum
488 1286 635 1339 fuerit,
666 1285 844 1338 vident3
870 1290 1060 1327 moerent
1093 1285 1303 1343 denique,
1333 1289 1428 1326 tam
1460 1284 1666 1326 funestos

161 1354 330 1398 sodalis
350 1355 420 1397 sui
440 1355 590 1397 exitus
614 1354 916 1406 attendentes,
945 1354 1024 1395 sed
1054 1353 1163 1411 quid
1196 1369 1221 1396 a
1251 1353 1454 1395 daemone
1489 1352 1666 1395 consilii

163 1423 385 1482 acceperit
402 1423 668 1466 nescientes.
697 1423 811 1475 Quia
844 1437 951 1479 ergo
975 1438 1063 1480 qua
1091 1422 1136 1464 id
1165 1437 1298 1465 causa
1337 1422 1377 1464 ei
1407 1421 1662 1478 contigerit,

162 1492 444 1551 ignorarunt,
477 1497 630 1535 tamen
660 1491 726 1533 illi
760 1507 912 1533 curam
946 1491 1237 1549 exequiarum
1275 1506 1363 1532 non
1410 1494 1658 1547 negarunt3

161 1561 373 1620 quodque
413 1561 566 1604 taliter
598 1565 776 1603 mortuo
816 1559 1068 1602 indebitum
1112 1559 1273 1612 fuerat,
1313 1575 1393 1617 pro
1434 1574 1666 1616 compere—

161 1630 308 1688 grino,
330 1634 381 1672 ut
404 1629 657 1682 videbatur,
683 1645 772 1671 ,suo
791 1629 1033 1671 missarum
1059 1629 1203 1671 officia
1237 1628 1453 1671 celebrari
1476 1628 1665 1670 manda-

162 1703 283 1742 runt.
311 1698 486 1751 Quibus
509 1698 565 1740 ad
583 1698 728 1739 Deum
747 1697 940 1740 fideliter
963 1697 1091 1752 fusis,
1112 1698 1281 1755 placuit
1303 1698 1414 1751 Deo,
1434 1702 1505 1749 ut,
1520 1712 1666 1739 resar-

162 1767 251 1810 cito
276 1767 463 1810 vulnere
487 1767 700 1824 gutturis,
725 1766 866 1809 vitam
892 1782 971 1824 per
997 1766 1255 1824 apostolum
1276 1781 1408 1808 suum
1440 1770 1666 1824 repararet

163 1836 381 1879 extincto.
419 1835 655 1893 Exurgens
690 1835 828 1892 igitur
865 1835 1017 1888 homo,
1063 1840 1107 1878 et
1144 1835 1320 1877 cunctis
1357 1850 1489 1893 supra
1529 1850 1665 1892 quam

163 1905 251 1948 dici
270 1910 420 1963 potest
433 1904 687 1946 redivivum
708 1904 996 1961 stupentibus
1019 1903 1103 1946 fari
1123 1904 1294 1961 incipit.
1320 1903 1666 1947 Sciscitantibus

161 1974 314 2032 itaque
340 1974 417 2033 qui
449 1973 650 2025 aderant,
674 1973 783 2030 quid
801 1972 938 2014 animi
959 1973 1004 2015 in
1029 1989 1075 2015 se
1097 1972 1408 2015 interficiendo
1436 1972 1661 2023 habuerit,

162 2043 217 2086 de
243 2042 462 2085 diabolica
488 2041 572 2084 sub
593 2041 787 2099 apostoli
806 2042 985 2083 nomine
1001 2042 1281 2100 apparitione
1303 2041 1470 2084 fatetur
1489 2055 1498 2094 ς
1516 2041 1664 2099 inqui-

162 2111 276 2155 situs
299 2111 421 2170 quod
441 2110 664 2169 judicium
684 2115 787 2169 post
819 2110 887 2152 sui
912 2110 1207 2153 homicidium
1224 2111 1270 2152 in
1288 2110 1451 2168 spiritu
1473 2125 1661 2152 censura

163 2180 365 2234 subierit,
396 2180 458 2222 ait
482 2194 490 2223 :
517 2199 536 2218 «
576 2180 695 2222 Ante
730 2179 813 2221 Dei
840 2180 1052 2222 thronum
1080 2179 1163 2222 sub
1191 2179 1429 2238 praesentia
1467 2194 1666 2221 commu-

162 2249 232 2292 nis
259 2249 466 2291 Dominae
493 2248 576 2291 Dei
592 2248 834 2291 Genitricis
858 2248 1057 2305 Virginis
1084 2248 1255 2301 Mariae,
1278 2247 1355 2290 ubi
1377 2252 1420 2289 et
1448 2253 1666 2306 patronus

162 2333 291 2360 meus
311 2317 547 2376 apostolus
568 2322 752 2371 sanctus
778 2317 972 2360 Jacobus
999 2317 1167 2370 aderat,
1207 2316 1384 2359 delatus
1421 2332 1536 2358 sum.
1567 2315 1663 2358 Illic

161 2402 266 2430 cum
298 2387 406 2446 quid
434 2387 488 2429 de
512 2402 583 2428 me
616 2386 740 2428 fieret
774 2401 924 2428 coram
974 2387 1068 2428 Deo
1101 2390 1385 2439 tractaretur,
1426 2390 1470 2427 et
1502 2385 1662 2427 beatus

161 2455 411 2514 apostolus,
456 2450 630 2497 memor
670 2455 933 2497 intentionis
980 2470 1106 2508 meae,
1162 2455 1267 2496 licet
1317 2453 1578 2511 peccatricis
1618 2458 1663 2495 et

161 2525 308 2568 adhuc
329 2529 566 2582 corruptae,
590 2540 670 2582 pro
690 2539 760 2566 me
782 2523 1072 2566 Benedictam
1107 2523 1233 2566 illam
1263 2527 1536 2581 precaretur,
1565 2522 1662 2579 ipsa

162 2609 217 2637 ex
261 2609 336 2636 ore
381 2593 644 2636 dulcissimo
690 2593 960 2634 sententiam
1013 2593 1217 2650 protulit,
1275 2592 1446 2633 homini
1500 2591 1663 2633 misero

163 2662 490 2721 indulgendum
514 2662 622 2715 sore,
659 2677 792 2719 quem
816 2661 1133 2719 malignitate⁸
1167 2661 1333 2703 diaboli
1384 2660 1466 2702 sub
1509 2664 1666 2702 sancta

207 2786 239 2808 a.
260 2775 472 2818 maliqnilas
487 2775 533 2807 D.
