1930 3224
310 261 366 305 44
715 278 814 307 vm.
850 277 1044 306 summan
1076 277 1182 307 vmn
1214 278 1334 306 LIBER
1366 280 1380 306 1

308 374 429 417 haud
452 375 639 418 dubium
660 376 768 434 quin
795 376 954 429 bonus,
981 371 1055 418 'sic
1097 376 1337 419 inclamare
1366 391 1457 419 non
1488 377 1637 420 minus
1663 377 1798 420 affec·-

307 448 438 486 tuosa
464 459 599 502 quam
618 449 769 501 aperta
797 459 905 486 voce
932 445 1067 502 coepit
1096 458 1106 489 ζ
1133 462 1153 484 «
1188 445 1350 488 Sancta
1372 445 1529 499 Maria,
1553 445 1740 504 adjuva!
1772 463 1794 486 »

309 511 367 554 Et
387 527 490 554 cum
519 512 807 570 aliquandiua
835 512 899 554 sic
931 512 1135 568 dixisset,
1165 519 1210 556 e't
1229 514 1348 571 quod
1377 513 1607 557 dicebatur
1630 513 1798 572 pleneb

306 579 385 622 illa
422 580 709 637 intelligeret,
745 580 967 623 sentiente
1002 581 1080 624 illa
1115 597 1215 639 quae
1259 587 1491 639 tantopere
1529 582 1791 632 vexabatur,

306 657 406 690 cum
432 649 591 705 grandi
613 648 1001 691 animadversione
1041 651 1259 708 erumpit;
1298 666 1385 708 quo
1412 655 1687 708 erumpente,
1719 651 1794 693 ille

306 716 383 773 qui
408 716 696 759 incumbebat
722 717 933 774 assurgit,
961 733 1094 776 quem
1119 718 1195 761 ille
1219 718 1379 761 obvius
1407 718 1716 776 apprehendit,
1749 723 1795 762 et

303 789 461 842 utpote
491 800 544 826 ex
578 785 671 827 Deo
703 785 929 828 violentus
962 802 1063 828 cum
1093 791 1219 829 tanto
1247 786 1420 844 fragore
1462 781 1698 840 subvertit,
1723 792 1790 842 ut,

304 852 503 910 impulsu
543 854 740 910 graviter
797 870 1020 897 cameram
1070 855 1316 912 quatiente,
1362 855 1589 898 asseculas
1636 871 1794 914 sopore

304 921 540 978 depressas
569 922 817 965 insolenter
850 923 985 965 nimis
1021 923 1201 966 exciret.
1234 923 1316 965 Illo
1361 923 1500 980 igitur
1533 923 1596 966 sic
1628 923 1794 966 divinis

302 989 547 1032 virtutibus
568 991 820 1044 exturbato,
845 992 945 1049 pius
963 992 1057 1049 ipse
1083 992 1266 1049 spiritus
1298 992 1375 1050 qui
1413 992 1601 1035 Mariam
1625 991 1794 1034 clama-

302 1062 429 1100 verat
455 1063 499 1100 et
518 1059 767 1101 daemonem
785 1060 1033 1117 pepulerat,
1051 1075 1137 1117 ,con
1146 1075 1301 1102 versus
1321 1060 1377 1102 ad
1396 1075 1493 1102 eam
1514 1075 1650 1117 quam
1667 1075 1794 1102 erue-

302 1130 371 1168 rat
397 1138 406 1169 :
439 1144 459 1166 «
483 1126 611 1179 Vide,
636 1127 798 1185 inquit,
820 1132 869 1170 ut
890 1128 952 1169 sis
978 1127 1095 1169 bona
1115 1127 1280 1170 femina
1299 1135 1329 1168 ⁰.
1352 1145 1372 1167 »
1404 1128 1467 1170 At
1493 1127 1788 1186 pedissequae,

304 1194 494 1251 strepitu
517 1189 749 1252 repentino
770 1196 989 1250 attonitae,
1017 1196 1209 1253 qualiter
1224 1211 1302 1238 sua
1330 1211 1377 1238 se
1401 1195 1585 1239 haberet
1611 1196 1791 1239 domina

301 1262 452 1304 videre
482 1268 774 1321 consurgunt,
817 1280 950 1322 quam
995 1264 1309 1306 moribundam
1360 1264 1553 1321 exangui
1584 1263 1714 1306 vultu
1748 1269 1793 1307 et

300 1330 441 1372 totius
466 1332 720 1388 corpusculi
752 1332 926 1374 viribus
967 1332 1217 1390 profligatis
1247 1332 1503 1385 inveniunt3
1547 1332 1602 1375 de
1638 1331 1791 1375 sonitu

301 1399 601 1454 sciscitantur,
629 1405 672 1443 et
699 1400 755 1442 ab
782 1416 829 1442 ea
852 1400 972 1442 illico
996 1416 1155 1443 causas
1170 1400 1373 1454 audiunt,
1395 1399 1522 1457 cujus
1554 1400 1632 1451 vix
1659 1400 1790 1459 spiri-

298 1471 393 1509 tum
421 1471 466 1509 et
490 1468 743 1525 praesentia,
773 1474 817 1511 et
841 1468 1218 1522 confabulatione,
1249 1473 1292 1511 et
1319 1469 1582 1511 accensione
1605 1468 1790 1511 luminis

299 1535 502 1578 refovere
520 1541 704 1593 queunt.

357 1603 527 1647 Ultima
558 1620 663 1662 ergo
698 1605 767 1647 sui
795 1605 1049 1647 liberatoris
1074 1605 1226 1658 verba,
1268 1606 1359 1647 imo
1397 1620 1476 1663 per
1514 1609 1644 1647 tuum
1676 1618 1790 1647 nun-

298 1672 418 1714 cium
435 1676 526 1726 tua,
553 1673 742 1715 Domine
771 1674 908 1727 Deus,
931 1673 1091 1715 mulier
1122 1673 1200 1715 illa
1217 1674 1430 1726 retinens,
1454 1677 1667 1730 perpetua
1685 1688 1790 1715 con—

297 1739 411 1782 didit
434 1741 666 1794 memoria,
697 1746 740 1783 et
761 1741 806 1783 in
829 1741 1074 1799 plurimum
1097 1741 1322 1795 affectum,
1350 1741 1388 1783 si
1412 1741 1601 1784 facultas
1625 1755 1789 1799 suppe-

296 1812 425 1862 teret,
451 1808 544 1850 Deo
568 1809 613 1850 in
640 1814 873 1866 posterum
895 1814 1151 1867 praestante,
1183 1809 1383 1852 ducenda
1405 1807 1616 1852 servavit.
1655 1807 1787 1851 Obita

295 1875 433 1932 igitur
466 1881 608 1919 morte
650 1878 839 1934 parenti,
880 1893 983 1919 cum
1023 1877 1166 1919 multo
1205 1877 1349 1919 adhuc
1379 1877 1524 1919 carnis
1560 1881 1605 1919 et
1636 1877 1788 1919 vultus

296 1943 533 2001 splendore
564 1945 742 1999 niteret,
779 1950 823 1987 et
852 1960 951 2002 ego,
982 1961 1149 1989 annum
1188 1945 1325 1987 ferme
1346 1950 1479 1988 natus
1504 1944 1782 1998 dimidium1‚

295 2012 419 2054 solus
446 2012 486 2053 ei
506 2012 806 2055 solicitudinis
826 2028 983 2055 causas
1007 2013 1175 2067 darem,
1203 2013 1257 2055 de
1277 2013 1495 2055 viduitate
1519 2012 1786 2055 continenda

294 2080 549 2136 proposuit,
591 2081 637 2122 in
673 2096 759 2138 qua
794 2086 963 2138 quanta
1005 2081 1245 2123 vivacitate
1292 2096 1338 2123 se
1384 2081 1564 2134 rexerit,
1617 2084 1786 2137 quanta

294 2147 526 2190 modestiae
547 2149 753 2206 exempla
791 2148 1044 2206 praebuerit,
1075 2164 1130 2191 ex
1157 2149 1240 2191 hoc
1273 2164 1362 2191 uno
1398 2148 1599 2206 subjecto
1626 2147 1787 2206 conjici

295 2220 458 2272 potest,
483 2217 618 2274 quod,
647 2232 748 2259 cum
779 2222 987 2275 parentes
1014 2217 1102 2258 mei
1127 2217 1266 2274 patris
1282 2216 1317 2271 d,
1343 2216 1659 2259 beneficiorum
1682 2231 1786 2274 pos-

294 2284 636 2342 sessionumque
666 2285 833 2338 aemuli,
876 2300 926 2327 ea
962 2285 1127 2337 omnia,
1166 2290 1307 2327 matre
1343 2284 1539 2338 exclusa,
1585 2283 1786 2326 obtinere

293 2352 557 2406 niterentur,
589 2368 733 2395 causae
757 2353 994 2395 actitandae
1027 2353 1299 2395 constituere
1332 2353 1465 2395 diem.
1506 2352 1613 2395 Dies
1639 2351 1781 2405 affuit,

294 2424 338 2462 et
386 2436 592 2478 proceres
632 2421 747 2463 circa
805 2437 984 2463 omnem
1034 2421 1176 2463 acturi
1220 2420 1444 2478 justitiam
1482 2419 1780 2462 considerant.

332 2561 364 2583 a.
390 2551 607 2593 aliquandiu
627 2551 671 2583 D.
691 2569 730 2574 —
756 2551 789 2582 h.
811 2551 910 2583 Corr.
936 2552 979 2582 de
1003 2551 1030 2582 B
1055 2550 1105 2592 (et
1123 2551 1180 2592 D).
1196 2550 1306 2592 plena
1324 2551 1367 2582 X.
1388 2569 1429 2573 -
1459 2560 1487 2582 c.
1509 2549 1657 2590 foemina
1683 2550 1727 2582 D.
1743 2567 1784 2572 —

294 2593 327 2625 (1.
349 2592 549 2634 meipatris
568 2592 638 2624 mei
659 2592 702 2624 D.

335 2762 364 2791 1.
392 2759 494 2790 Cettc
523 2759 719 2790 indication
751 2761 809 2790 cst
834 2759 851 2789 a
869 2769 938 2799 peu
955 2758 1038 2799 pres
1066 2759 1231 2789 d'accord
1258 2768 1346 2789 avec
1367 2758 1455 2789 celle
1472 2758 1519 2788 du
1537 2758 1594 2789 ch.
1615 2766 1662 2796 ιν,
1685 2757 1730 2787 οὺ
1757 2756 1783 2788 il

295 2803 349 2831 cst
365 2801 416 2831 dit
434 2811 503 2840 quc
519 2800 672 2831 Guibert
692 2801 790 2832 avait
808 2800 885 2832 huit
904 2801 994 2831 mois
1012 2800 1131 2840 quand
1151 2810 1215 2830 son
1232 2800 1316 2840 pere
1333 2801 1488 2830 mourut.
