1930 3224
575 240 674 269 VEN.
710 240 901 268 GUIBERTl
939 241 1042 269 vim
1075 240 1193 268 [ABER
1227 241 1270 268 111
1576 226 1658 268 165

159 343 204 382 et
223 338 368 382 multo
386 339 615 382 hominem
635 340 795 382 videns
822 355 1031 382 eversum
1055 339 1308 397 supercilio,
1337 339 1483 382 dicere
1506 356 1659 398 super-

159 407 272 452 sedi.
295 407 557 466 Antequam
595 413 747 451 tamen
774 408 830 451 ab
869 408 979 451 urbe
999 408 1270 463 recederem,
1308 408 1436 466 gravi
1459 408 1515 451 ab
1547 409 1659 451 invi-

158 491 256 520 cem
278 476 669 520 animadversione
700 475 1009 520 instabilitatis
1055 493 1146 519 suae
1183 492 1314 519 causa
1342 477 1656 522 dissensimus,

158 545 225 588 De
242 545 430 588 instanti
449 550 601 588 autem
619 546 738 589 malo
753 561 857 589 cum
874 550 1251 604 praemoneretur³
1268 561 1291 588 a
1318 546 1490 600 multis,
1515 546 1659 588 nemi-

157 628 263 657 nem
289 613 576 672 dignabatur.

707 809 931 867 [CAPUT
971 809 1095 866 VIII]

220 958 410 1002 Postero
431 958 518 1013 die,
545 958 651 1001 feria
674 959 886 1002 videlicet
912 959 1087 1017 quinta,
1118 975 1219 1001 cum
1247 964 1351 1017 post
1384 959 1657 1001 meridianas

154 1027 210 1070 de
257 1027 492 1085 exigendis
524 1028 728 1086 pecuniis
768 1044 870 1070 cum
915 1021 1099 1070 Galte'ro
1144 1028 1458 1071 archidiacono
1503 1033 1657 1086 ageret

154 1096 308 1150 horas,
329 1111 431 1139 ecce
457 1111 539 1154 per
551 1097 710 1139 urbem
729 1097 952 1140 tumultus
974 1097 1195 1154 increpuit
1218 1116 1237 1135 r<
1268 1098 1606 1140 Communium!
1634 1115 1652 1136 »

151 1164 523 1219 inclamantium;
548 1171 646 1208 tum
671 1181 851 1223 quoque
876 1181 954 1223 per
978 1166 1172 1208 mediam
1195 1166 1345 1208 Beatae
1369 1166 1523 1208 Mariae
1539 1166 1656 1207 basi-

152 1233 304 1287 licam,
335 1239 379 1277 et
405 1236 485 1292 pe'r
505 1249 603 1276 eam
624 1250 711 1292 qua
732 1234 954 1276 occisores
978 1234 1166 1277 Gerardi
1187 1235 1197 1263 ¹
1248 1235 1515 1277 introierant
1538 1235 1654 1277 exie-

151 1307 342 1360 rantque
353 1302 560 1360 januam,
584 1319 686 1345 cum
707 1303 907 1355 ensibus,
935 1303 1222 1361 bipennibus,
1244 1304 1438 1346 arcubus
1461 1309 1506 1346 et
1530 1319 1655 1346 secu-

150 1370 296 1424 ribus,
326 1371 480 1414 clavas
518 1372 790 1429 lanceasque
826 1371 1034 1423 ferentes,
1078 1387 1181 1414 cum
1217 1373 1415 1415 maximo
1455 1372 1651 1430 agmine,

152 1439 324 1483 curiam
349 1440 655 1498 pontificalem
686 1441 909 1483 intravere
936 1441 1200 1499 burgenses,
1241 1441 1480 1498 Comperta
1519 1441 1655 1498 hujus

149 1508 352 1552 novitate
398 1509 660 1562 moliminis,
712 1525 918 1567 proceres
963 1510 1018 1552 ad
1057 1510 1318 1568 episcopum
1347 1546 1356 1563 ,
1399 1510 1469 1552 cui
1503 1510 1655 1568 praesi-

148 1577 274 1620 dium
320 1593 455 1637 super
497 1578 581 1620 hoc
622 1578 819 1631 incursu,
858 1579 912 1620 *si
955 1579 1253 1635 contingeret,
1294 1579 1559 1637 juraverant
1606 1594 1653 1621 se

145 1645 334 1700 laturos,
359 1645 694 1706 undecunqueb
714 1652 1001 1690 concurrunt.
1028 1648 1079 1689 In
1099 1663 1188 1706 quo
1217 1645 1452 1700 concursu,
1493 1647 1655 1690 Guini-

147 1729 301 1758 marus
323 1716 598 1758 castellanus
621 1717 654 1768 2,
680 1716 750 1758 vir
777 1716 943 1758 nobilis
960 1723 1005 1759 et
1029 1716 1342 1774 pulcherrimae
1373 1716 1653 1759 habitudinis

147 1784 311 1836 senior,
344 1784 546 1827 moribus
567 1784 799 1837 innocens,
823 1800 927 1827 cum
950 1801 1029 1842 per
1061 1785 1314 1838 ecclesiam,
1367 1786 1526 1843 clypeo
1556 1790 1653 1827 tan-

145 1857 242 1896 tum
270 1852 472 1896 munitus
492 1858 536 1895 et
561 1853 705 1906 hasta,
732 1859 1028 1910 procurreret,
1047 1870 1151 1896 mox
1178 1859 1229 1896 ut
1257 1855 1464 1912 praesulis
1487 1854 1651 1896 atrium

144 1922 365 1974 introivit,
403 1937 426 1964 a
453 1921 650 1979 quodam
690 1918 1066 1980 Rainberto,'qui
1105 1928 1335 1980 compater
1376 1924 1474 1981 ejus
1515 1923 1652 1965 etiam

145 1989 308 2044 fuerat,
337 1989 523 2049 bipenni
542 1991 589 2032 in
617 1991 825 2048 occipitio
839 2006 1081 2048 percussus
1102 1992 1275 2049 primus
1298 1992 1524 2035 occubuit.
1556 1992 1651 2035 Nec

146 2075 269 2102 mora
295 2059 531 2102 Rainerius
549 2059 641 2110 ille,
663 2059 718 2101 de
742 2075 830 2117 quo
855 2075 987 2118 supra
1017 2060 1088 2118 egi
1103 2062 1135 2114 ²³,
1160 2061 1232 2102 cui
1254 2076 1351 2103 mea
1379 2061 1647 2110 consobrina

145 2133 375 2186 nupserat,
415 2143 518 2170 cum
545 2128 812 2171 acceleraret
842 2129 1018 2187 ingredi
1051 2130 1147 2186 ipse
1179 2130 1413 2187 palatium,
1446 2131 1601 2172 lancea
1624 2146 1649 2172 a

142 2202 271 2255 tergo
294 2196 470 2248 feritur,
501 2212 605 2239 cum
630 2197 764 2255 podio
785 2205 802 2223 ⁰
821 2197 1091 2256 episcopalis
1125 2198 1308 2255 capellae
1356 2199 1508 2241 nitens
1549 2215 1647 2241 eam

145 2265 295 2308 subire
322 2266 477 2318 vellet,
505 2266 656 2324 ibique
689 2266 1005 2324 prosternitur,
1037 2282 1119 2309 nec
1145 2283 1268 2310 mora
1290 2283 1346 2310 ex
1371 2268 1474 2325 igne
1491 2268 1648 2326 palatii

141 2334 198 2378 ab
218 2334 403 2393 inguine
424 2334 610 2377 inferius
646 2339 970 2378 concrematur.
1008 2335 1109 2378 Ado
1134 2335 1446 2378 vicedominus
1468 2336 1480 2365 '⁴
1511 2337 1646 2378 minis

183 2458 216 2479 a.
235 2447 338 2480 Corr.
357 2448 401 2479 de
418 2447 446 2479 B
468 2447 517 2488 (et
535 2446 898 2488 D)..praemuniret11r
914 2447 1053 2480 X.—b.
1070 2448 1322 2492 undecumque
1338 2449 1466 2482 D.—c.
1488 2450 1588 2482 Corr.
1602 2451 1644 2482 de

143 2489 380 2531 D.prodibus
391 2490 596 2530 exponetue
612 2490 651 2521 B.

181 2645 211 2674 1.
237 2641 292 2675 Cf.
314 2643 337 2673 l.
359 2653 411 2682 ιιι,
428 2652 458 2674 c.
478 2653 512 2673 v.

181 2687 211 2716 2.
236 2683 280 2716 V.
302 2684 335 2715 la
353 2693 387 2716 n.
406 2686 435 2716 4.
690 2707 700 2716 .

181 2729 210 2757 3.
237 2725 280 2757 V.
307 2726 388 2767 plus
407 2726 507 2765 haut,
527 2736 557 2757 c.
579 2729 782 2766 v11,p.16-4.

179 2769 210 2799 ⁴.
236 2767 272 2798 Si
299 2768 406 2798 Adon
430 2769 467 2799 et
487 2767 639 2799 Guimar
659 2770 742 2799 sont
777 2771 858 2799 tous
885 2769 937 2800 les
962 2769 1054 2800 deux
1079 2771 1142 2801 des
1176 2771 1333 2802 officiers
1354 2771 1399 2802 de
1422 2769 1597 2812 leveque,
1619 2772 1642 2802 il

138 2808 217 2840 saut
234 2810 412 2841 admettre
439 2809 525 2851 qu'il
552 2812 640 2850 peut
658 2810 793 2842 existet·
816 2814 1113 2844 concuremment
1137 2813 1226 2843 dans
1254 2823 1323 2844 une
1351 2813 1466 2844 meme
1487 2813 1572 2844 ville
1596 2823 1641 2844 un
