1930 3224
549 227 650 261 vnn.
693 226 889 257 commu
935 226 1039 256 vrrAE
1076 221 1199 256 LIBER
1231 227 1244 256 1
1580 212 1636 255 75

46 315 98 380 lis
137 329 339 383 landem
361 327 662 387 cupiditatum
672 341 872 369 mearum
901 325 1050 369 fervor
1074 325 1331 387 excandivit
1349 333 1384 379 ἃ,
1411 330 1456 368 et
1477 341 1638 369 secun-

132 393 244 454 dnm
279 396 403 462 quod
432 395 638 443 fomitem
679 394 1023 454 cujuscunque¹b
1062 394 1309 438 scientiolae
1340 394 1512 453 pectori
1540 410 1639 438 meo

57 463 91 533 Ξ
119 460 404 527 inserueras,
446 469 492 509 et
522 479 762 524 personam
801 464 858 506 ad
890 463 1108 507 saeculum
1143 463 1354 506 idoneam
1387 463 1498 506 satis
1534 479 1635 506 cum

128 534 352 592 natalium
409 533 528 578 bona
575 532 885 576 mediocritate
933 533 1206 586 contuleras,
1256 531 1373 574 male
1424 532 1536 574 mihi
1582 532 1638 575 ab

128 602 283 664 §mimo
321 618 424 647 meo
462 606 510 660 et
542 601 599 645 ab
635 601 736 645 aliis
779 601 1045 644 necessariis
1087 601 1216 654 meis,
1254 600 1505 643 secundum
1550 600 1636 644 hoc

43 671 96 725 ,3
131 660 401 727 tamennon
427 669 576 729 bonis,
600 669 943 729 suggerebatur,
974 669 1250 714 conveniens
1271 668 1379 723 fore,
1410 673 1460 712 ut
1484 669 1530 711 in
1550 670 1635 712 hoc

113 739 325 797 -mundo,
366 739 552 784 honoris
614 738 806 796 alicujus
855 740 1144 798 provectione
1198 738 1477 797 proficerem.
1547 737 1636 781 Sed

121 823 373 869 ‘WQSOQ
401 807 612 865 Domine,
638 807 745 866 quia
765 808 812 850 in
831 808 931 866 lege
951 812 1026 851 tua
1047 807 1343 866 prohibueras
1370 822 1449 866 per
1467 806 1637 865 gradus

133 874 318 935 ascendi
350 877 412 927 ‚ad
438 867 580 920 altare
606 880 766 928 tuum:
812 876 876 919 sic
912 876 1033 919 enim
1077 875 1193 919 sacri
1225 875 1478 933 cujuspiam
1509 875 1637 918 ducis

133 945 464 1007 turpitudinem
482 944 673 988 revelari
691 960 823 1002 posse
845 945 1078 989 docueras.
1100 943 1188 997 Qui
1202 944 1324 987 enim
1346 959 1428 1004 per
1444 944 1638 987 exterio-

47 1014 61 1032 ³
106 1015 195 1067 ‘ris
218 1013 507 1067 ,excellentiae
528 1018 831 1058 'excrementa
863 1013 1109 1071 mysticum
1146 1013 1348 1071 regimen
1383 1013 1635 1071 attigerint,

133 1083 438 1142 indeturpius
463 1082 647 1136 cadunt,
677 1083 798 1141 quod
824 1098 915 1125 non
941 1082 1147 1141 aequalia,
1175 1082 1255 1125 sed
1281 1081 1328 1124 in
1356 1081 1639 1124 mirabilibus

137 1167 335 1213 superse,
358 1151 651 1196 tentaverint.
681 1152 740 1195 Et
766 1151 884 1194 inter
912 1150 1218 1210 appetendum
1250 1155 1369 1193 certe
1397 1166 1451 1193 ex
1479 1166 1639 1209 paren-

123 1225 241 1279 tum
257 1236 462 1280 meorum
487 1220 819 1279 procuratione,
847 1220 1007 1263 talium
1039 1219 1290 1262 culminum
1329 1219 1639 1277 assequendo—

135 1306 238 1341 rum
255 1289 513 1350 rumoribus
535 1305 647 1332 meae
668 1289 832 1348 saepius
859 1289 1178 1348 quatiebantur
1194 1302 1347 1341 aures;
1374 1288 1507 1331 multi
1527 1288 1639 1330 mihi

134 1358 453 1413 adulabantur,
486 1374 538 1410 ac
577 1358 761 1401 factiose
801 1357 1067 1417 qualitatem
1103 1356 1242 1399 animi
1280 1357 1369 1399 mei
1401 1357 1634 1415 explorare

135 1427 362 1482 volentes,
393 1443 483 1487 quo
509 1427 568 1470 ad
596 1442 690 1480 eos,
727 1426 805 1485 qui
840 1442 911 1469 me
937 1426 1143 1484 nequiter
1169 1425 1515 1479 aemulabantur,
1538 1430 1636 1468 stu-

135 1496 261 1545 dium
298 1511 390 1555 suae
422 1495 662 1540 delationis
687 1495 936 1554 explerent,
978 1499 1056 1538 aut
1090 1494 1335 1553 placituros
1372 1510 1418 1538 se
1460 1511 1516 1537 ex
1549 1495 1638 1538 mei

134 1565 318 1614 honoris
336 1564 619 1626 affectatione
639 1556 870 1624 putantes,
897 1569 942 1607 et
958 1564 1151 1622 quaestui
1177 1579 1258 1606 suo
1279 1564 1514 1606 commoda
1539 1579 1638 1606 mea

131 1633 326 1679 valitura
350 1631 570 1688 dicentes,
589 1638 635 1677 et
661 1633 762 1676 ideo
783 1632 1078 1691 proventibus
1103 1632 1215 1675 meis
1240 1622 1419 1690 semper
1445 1623 1631 1676 meliora

78 1756 80 1758 v
134 1707 438 1763 captantes.
1518 1748 1521 1751 Α

26 1768 30 1776 5
191 1762 256 1819 A't
277 1787 377 1831 ego,
404 1770 521 1830 sicut
546 1776 598 1832 tu
623 1771 761 1825 nosti,
791 1770 979 1814 Creator
1002 1786 1146 1824 meus,
1171 1775 1249 1813 tuo
1278 1771 1373 1813 solo
1398 1770 1635 1824 instinctu,

133 1845 210 1885 tua
258 1831 374 1885 sola¹
400 1840 713 1900 inspiratione,
759 1840 816 1882 ad
863 1840 948 1882 hoc
990 1840 1216 1893 convalui,
1268 1844 1321 1882 ut
1361 1839 1639 1899 quidquam⁰

132 1908 296 1955 timore
321 1913 400 1953 tuo
439 1924 703 1968 aspernarer
745 1908 802 1951 ab
850 1908 1031 1951 homi-ne
1067 1913 1236 1967 petere,
1273 1914 1352 1952 aut
1389 1908 1561 1951 homini
1590 1909 1636 1951 id

133 1977 246 2023 mihi
273 1978 534 2037 procuranti
555 1977 830 2037 colloquium
855 1982 933 2020 aut
952 1993 1225 2020 consensum
1253 1976 1466 2036 praebere,
1500 1993 1635 2036 super

132 2062 186 2090 eo
199 2047 321 2107 quod
334 2047 401 2093 tui
421 2047 561 2104 solius
585 2052 655 2090 est
680 2046 896 2100 muneris,
923 2046 1427 2090 honoreecclesiastico.
1456 2046 1514 2089 Et
1526 2046 1632 2100 scis,

135 2115 344 2170 Domine,
370 2115 475 2175 quia
507 2131 643 2174 super
662 2116 746 2158 hac
769 2115 991 2158 duntaxat
1014 2130 1060 2157 re
1084 2115 1198 2157 nihil
1216 2115 1400 2158 omnino
1428 2115 1531 2157 volo
1557 2120 1635 2158 aut

132 2183 376 2244 aliquando
401 2183 640 2241 voluerim,
670 2184 756 2227 nisi
776 2184 898 2244 quod
918 2200 942 2227 a
966 2188 1010 2227 te
1033 2189 1112 2227 aut
1138 2184 1355 2242 accipiam
1382 2184 1478 2227 sive
1513 2199 1636 2227 acce-

131 2253 292 2312 perim.
321 2253 436 2297 Volo
456 2253 594 2307 enim,
619 2258 670 2296 ut
690 2258 735 2296 et
753 2253 800 2296 111
821 2254 922 2308 hoc,
949 2253 1065 2296 sicut
1086 2253 1197 2296 alias
1220 2253 1333 2311 ipse,
1363 2268 1435 2297 me
1459 2253 1633 2307 feceris,

130 2336 223 2365 non
247 2326 400 2366 autem
422 2337 506 2381 ego
530 2337 618 2366 me.
649 2322 867 2380 Alioquin
904 2338 996 2364 non
1019 2322 1132 2364 bene
1158 2322 1388 2365 laetaretur
1413 2321 1552 2364 Isra'e'l
1590 2322 1635 2364 in

131 2405 185 2434 00
207 2391 286 2450 qui
320 2390 425 2434 fecit
457 2390 609 2434 eum¹.
653 2392 776 2434 Deus
809 2406 954 2444 meus,
991 2395 1102 2449 quot
1131 2391 1500 2444 adversitatibus,
1525 2396 1635 2450 quot

172 2513 205 2536 a.
223 2503 558 2552 excanduit-De—b.
582 2503 849 2552 cujuscumque
858 2503 985 2536 D.-c.
1001 2504 1246 2546 quamXetD
1259 2505 1321 2546 qui
1336 2505 1391 2535 n'a
1406 2514 1469 2545 pas
1480 2504 1638 2545 compris

130 2544 164 2578 la
180 2545 318 2578 lecture
335 2545 496 2588 corrigee
513 2547 557 2578 de
571 2546 880 2584 B,1nterlineaire.
905 2546 933 2577 B
959 2548 1043 2579 note
1062 2556 1107 2578 011
1131 2546 1213 2588 plus
1231 2557 1275 2578 en
1306 2556 1428 2586 marge
1451 2553 1510 2587 pm,
1533 2546 1636 2578 haste

131 2586 271 2628 hai-ree,
292 2597 362 2629 que
379 2588 411 2639 le
431 2588 572 2629 copiste
591 2588 641 2630 (et
658 2588 702 2630 D)
724 2598 744 2619 a
761 2588 797 2619 lu
811 2597 902 2630 prae.

173 2747 203 2778 1.
227 2744 304 2778 Lib.
331 2745 478 2782 Psalm„
498 2745 653 2786 CXLIX,
675 2749 693 2776 2
713 2757 750 2778 :a
770 2746 943 2779 Laetetur
960 2747 1071 2779 Israel
1088 2747 1125 2779 in
1144 2757 1197 2787 eo,
1218 2748 1280 2789 qui
1298 2747 1383 2779 fecit
1398 2757 1492 2784 cum,
1515 2748 1552 2778 et
1569 2746 1632 2778 filii

137 2785 224 2819 Sion
243 2787 407 2821 exultent
419 2787 456 2822 in
476 2798 559 2829 rege
577 2798 655 2820 suo.
677 2800 692 2816 »
