1930 3224
575 247 676 277 ven.
712 239 909 276 summu
942 247 1049 277 vmis:
1079 246 1200 275 Lmen
1231 247 1245 275 1
1605 230 1662 292 95

74 335 324 403 {ss-fimum
350 346 579 389 neminem
598 346 720 389 enim
746 346 803 389 ad
829 362 910 388 sua
943 345 1163 388 maleficia
1188 344 1463 388 addiscenda
1497 344 1663 387 admit—

86 406 271 469 >‘fg-tunt,
290 415 379 458 nisi
398 430 535 474 quem
570 414 712 457 totius
743 430 836 457 suae
865 414 1223 458 Christianitatis
1254 413 1424 456 honore
1461 413 1661 456 detesta-

83 476 236 528 =³÷bili
259 483 456 542 primum
475 483 712 541 sacrilegio
739 488 927 526 exuunt.

211 552 262 597 In
305 552 502 610 quodam
561 550 703 594 nobili
754 552 1031 594 monasterio
1082 551 1330 594 monachus
1378 551 1565 610 quidam
1606 550 1662 593 ab

148 620 336 665 ineunte
355 624 490 663 aetate
510 620 711 663 nutritus
733 620 895 674 fuerat,
923 620 1357 679 grammaticamque
1393 619 1661 678 aliquantis—

149 703 232 748 per
258 688 498 748 attigerat;
541 689 619 747 qui
663 689 720 731 ad
752 656 914 731 cellam
947 689 1148 732 ecclesiae
1183 689 1479 747 appendicem
1512 704 1536 731 a
1579 704 1660 731 suo

78 758 107 817 ᾗ
150 756 312 803 abbate
339 757 554 810 directus,
590 773 693 800 cum
716 757 827 800 inibi
864 762 1132 812 moraretur,
1166 757 1212 808 in
1246 757 1454 800 morbum
1481 756 1656 810 incidit,

149 825 280 885 eujus
305 830 440 870 causa
457 842 562 869 cum
582 826 607 870 J
613 825 740 868 udaeo
750 826 980 901 quodam,
1004 842 1145 884 gnaro
1168 826 1420 880 medicinae,
1444 826 1660 884 loquendi

20 895 23 899 ’
149 894 270 938 malo
288 910 370 938 suo
389 895 673 938 occasionem
694 882 905 957 sumpsit.
932 895 1000 937 Ex
1026 900 1185 937 mutua
1213 911 1321 953 ergo
1352 895 1658 971 familialitate

146 1030 364 1079 Sentiens
410 1040 546 1091 ergo⁸
594 1032 857 1085 monachus,
920 1032 1143 1075 malarum
1203 1032 1370 1075 artium
1433 1032 1654 1089 curiosus,

143 1099 355 1144 Judoeum
399 1101 619 1151 maleficia
664 1117 813 1155 nosse,
864 1101 1060 1144 multum
1116 1101 1156 1144 ei
1206 1101 1389 1144 institit.
1440 1101 1656 1144 Assensit

145 1168 346 1224 Judaeus,
375 1174 421 1213 et
444 1174 732 1228 sequestrum
755 1170 796 1212 ei
819 1170 940 1227 apud
960 1169 1192 1213 diabolum
1217 1185 1264 1212 se
1289 1169 1493 1213 futurum
1522 1169 1656 1228 polli-

40 1276 55 1293 4
113 1241 116 1243 ’
147 1242 288 1282 cetur.
315 1238 541 1282 Statuitur
560 1238 688 1281 locus
714 1239 1017 1297 colloquiique
1044 1238 1154 1281 dies.
1187 1239 1387 1282 Tandem
1409 1255 1460 1282 eo
1488 1238 1655 1281 media-

46 1315 79 1359 ·Lg
146 1309 244 1349 tore
263 1306 441 1350 sistitur
459 1312 564 1350 ante
584 1306 844 1350 diabolum·
836 1308 985 1366 ‚petit
1004 1323 1052 1350 se
1072 1307 1288 1350 doctrinae
1315 1307 1452 1366 hujus
1479 1323 1531 1350 eo
1558 1308 1655 1350 fieri

147 1379 328 1425 auctore
349 1376 630 1435 participem.
659 1376 814 1419 Refert
836 1391 1004 1434 preses
1024 1375 1101 1418 ille
1133 1376 1356 1419 nefandus
1389 1376 1655 1437 neutiquam

145 1443 231 1487 hoc
242 1444 355 1498 fieri,
373 1444 814 1488 ni51Christianitate
835 1449 997 1502 negata
1017 1444 1102 1487 sibi
1117 1445 1388 1487 sacrificium
1406 1444 1651 1489 deferatur

145 1511 400 1572 Interrogat
422 1513 499 1556 ille
522 1513 657 1572 quod.
687 1532 707 1554 «
728 1512 860 1565 Quod
880 1513 1194 1556 delectabilius
1215 1514 1314 1556 est
1305 1529 1350 1555 m
1373 1513 1569 1557 homine.
1596 1541 1654 1546 —

143 1579 263 1634 Quid
278 1581 300 1610 1»
319 1581 434 1626 illud
452 1583 474 1626 ’ἶ
494 1582 752 1641 —Sperma
773 1582 952 1635 libabis,
980 1583 1059 1635 ait,
1088 1587 1220 1625 tuum
1239 1597 1248 1636 ς
1276 1582 1398 1640 quod
1419 1598 1523 1625 cum
1541 1583 1652 1625 mihi

141 1649 414 1709 profuderis,
443 1651 548 1694 inde
575 1651 697 1709 quod
731 1651 1090 1694 sacrificantibus
1120 1655 1190 1694 est
1219 1651 1424 1693 debitum
1456 1667 1653 1709 praegus-

141 1719 262 1764 tabis
283 1738 320 1764 ».
358 1720 476 1763 Proh
505 1720 678 1763 scelus!
716 1721 829 1779 proh
856 1720 1031 1778 pudor!
1066 1720 1124 1763 Et
1143 1720 1182 1762 is
1214 1736 1240 1762 a
1263 1735 1353 1778 quo
1386 1720 1480 1762 haec
1501 1720 1651 1779 exige-

56 1779 58 1782 *
79 1803 83 1806 ·
141 1787 308 1832 bantur
327 1793 422 1832 erat
442 1789 708 1848 presbyter!
731 1790 790 1832 Et
823 1789 918 1832 haec
943 1789 1002 1831 ad
1033 1789 1101 1831 tui
1122 1788 1294 1831 ordinis
1324 1793 1368 1831 et
1394 1793 1483 1830 tuae
1516 1789 1651 1831 bene-

142 1857 273 1902 diotae
322 1858 483 1901 hostiae
519 1858 787 1916 sacrilegam
825 1858 1122 1915 ignominiam
1161 1857 1267 1900 fecit
1296 1862 1402 1901 tuus
1435 1858 1650 1916 antiquus

141 1926 304 1980 hostiS,
339 1927 532 1970 Domine
577 1927 646 1970 Ne
679 1926 831 1980 sileas,
860 1934 1007 1985 neque
1034 1926 1336 1985 compescaris
1371 1942 1393 1968 a
1428 1926 1647 1978 vindicta,

145 1994 270 2039 Deus
286 2000 315 2040 ¹.
333 1994 454 2048 Quid
471 1995 650 2039 dicam?
665 1994 901 2048 Quomodo
919 1995 1103 2038 dicam?
1124 1995 1250 2038 Fecit
1269 1995 1391 2053 quod
1414 1995 1651 2054 petebatur

140 2062 479 2124 infoeliX‚quem
490 2069 557 2118 tu,
579 2081 605 2107 o
625 2064 801 2108 utinam
812 2064 871 2107 ad
890 2066 1094 2123 tempus!
1115 2064 1393 2108 deserueras,
1411 2064 1483 2107 Fit
1497 2064 1648 2123 itaque

142 2148 247 2176 oum
284 2133 489 2176 horribili
512 2133 760 2176 libamento
796 2149 932 2191 super
969 2133 1075 2176 fidei
1101 2133 1378 2191 relegatione
1407 2133 1643 2190 professio.

142 2200 266 2254 Quas
303 2206 457 2246 autem
497 2207 618 2246 artes
650 2202 892 2245 execrabili
918 2203 1002 2245 hoc
1027 2201 1322 2245 mercimonio
1353 2202 1644 2260 compararit,

139 2269 564 2329 facto'notificemus
579 2271 625 2314 in
651 2287 758 2314 uno.

198 2339 437 2394 Quendam
457 2339 627 2398 cogniti
647 2340 828 2398 generis
850 2340 1121 2383 monacham
1145 2339 1371 2398 colloquio
1391 2355 1472 2382 suo
1495 2355 1647 2382 assue-

137 2412 280 2451 verat.
308 2409 416 2452 Erat
430 2413 583 2452 autem
607 2409 653 2451 in
677 2409 837 2451 cellula
856 2424 1165 2462 commanens,
1188 2424 1279 2451 uno
1294 2413 1474 2451 tantum
1503 2408 1646 2450 sodali

137 2477 361 2521 monacho
390 2491 400 2522 ζ
431 2478 508 2536 qui
541 2477 726 2536 quidem
755 2477 976 2521 exteriora
1004 2477 1208 2531 curabat,
1238 2477 1277 2519 is
1307 2477 1429 2520 domi
1457 2477 1647 2520 vacabat

179 2599 212 2623 a.
230 2587 386 2632 [nanque
403 2590 436 2622 D
454 2591 517 2632 qui
542 2593 615 2622 met
635 2600 679 2622 en
697 2591 772 2623 tete
790 2591 834 2622 de
855 2591 887 2622 la
906 2591 1038 2631 phrase
1060 2590 1196 2633 itaque.
1216 2609 1258 2614 —
1275 2591 1310 2622 h.
1333 2591 1435 2628 Quod
1447 2590 1491 2622 D.

180 2761 210 2791 1.
235 2758 314 2792 Lib.
330 2759 476 2800 Psalm„
491 2759 669 2799 LXXXII,
685 2763 702 2790 2
717 2770 724 2791 :
739 2773 754 2787 «
771 2759 881 2799 Deus,
898 2759 977 2801 quis
993 2759 1120 2791 similis
1134 2760 1204 2792 erit
1216 2759 1307 2791 tibi?
1318 2770 1361 2791 ne
1378 2761 1510 2798 taceas,
1530 2769 1645 2800 neque

138 2802 382 2843 compescaris
400 2802 511 2834 Deus.
527 2815 541 2829 n
